2780 4712
166 369 169 374 .
269 295 350 426 lai
496 313 1042 396 nosocomorum

397 502 621 526 ---
642 489 721 532 vento
737 471 878 552 fluc'luque
889 467 1007 549 secundo

397 567 489 655 Lapfic
514 569 683 650 Palaestinas
704 569 783 628 uncis
803 570 915 647 confixit
939 592 1043 635 arenas.

395 671 489 740 Prima
510 671 591 756 luces
615 667 686 728 vidit
700 664 800 749 juallis
818 669 946 751 confistere
968 670 1060 751 castris

398 768 503 842 Tellus,
525 787 603 847 quam
618 763 725 825 volucer
741 754 880 843 Genesus,
895 787 974 846 quam
986 763 1092 827 mollior
1111 760 1204 848 Apsus

308 947 312 952 Ι
400 865 567 925 Circumeunt
599 863 674 945 ripis.
705 912 709 916 .
822 869 824 876 ’
865 867 869 874 ’

265 965 362 1034 ‘Nullo
377 965 492 1041 negotio
510 953 720 1042 deprehendis,
740 961 888 1024 Lucanum
905 961 1079 1025 Palaestinae
1096 962 1217 1024 fluvium
1232 959 1267 1022 l-

248 1069 249 1074 ’
273 1067 355 1148 psum
376 1083 436 1126 non
456 1061 670 1144 tribuere‚·sed
684 1081 773 1138 quum
788 1059 911 1143 versibus
938 1059 1173 1149 praecedentibus
1189 1077 1268 1120 com·

274 1152 443 1227 memoratus
464 1159 559 1220 ar'enas
582 1159 796 1241 Palaestinas&
819 1171 889 1220 mox
904 1156 1008 1242 Apsum
1021 1159 1126 1239 legeret
1147 1158 1264 1234 Vibius,

275 1263 306 1324 id
321 1260 447 1323 sufficere
468 1257 616 1320 arbitratus
647 1257 710 1332 est,
751 1271 782 1319 ut
805 1277 921 1319 amnem
946 1261 1067 1339 regionis
1099 1258 1266 1322 Palaestinae

170 1357 189 1385 ⁴
272 1357 379 1437 Apsum
396 1355 451 1419 elle
474 1357 612 1420 crederet.
635 1371 825 1440 RELANDUS.
911 1355 1005 1440 Apsus
1017 1360 1049 1420 in
1070 1358 1135 1421 loco
1159 1356 1267 1420 Lucani

271 1461 385 1535 juretus
405 1453 519 1519 Genuso
541 1451 656 1516 Vibium
679 1453 821 1515 deducere
837 1453 960 1518 debebat
976 1457 1008 1517 in
1022 1455 1167 1536 illyridem
1180 1455 1266 1516 Grae-

259 1577 359 1631 ¹cetur,
381 1555 431 1619 ubi
449 1553 592 1638 infinibus
602 1553 816 1634 Apolloniatium
829 1555 869 1612 aa
880 1553 984 1630 florum
997 1550 1101 1636 Apsum
1117 1554 1201 1634 castra
1207 1547 1266 1626 sese

273 1651 370 1732 locaffe
389 1653 447 1733 ipse
463 1653 562 1715 Caesar
579 1638 664 1712 refert
680 1653 717 1712 de
732 1651 811 1714 Bello
829 1651 891 1712 civ.
909 1649 975 1726 ΙΙΙ,
1004 1671 1049 1728 13.
1097 1649 1179 1712 Idem
1195 1653 1265 1708 inter

269 1751 324 1830 sua
337 1753 364 1814 θ’
378 1747 499 1836 Pompeji
514 1749 605 1833 'castra
624 1769 704 1810 unum
723 1749 823 1827 flumen
851 1741 954 1830 Apficm
984 1737 1125 1824 intefitiffe
1158 1745 1266 1812 scribit.

274 1851 294 1914 l.
310 1873 335 1918 c.
349 1863 413 1930 cap.
438 1870 485 1932 19·
509 1851 578 1912 Non
591 1863 689 1911 autem
703 1847 783 1910 molli
802 1847 851 1910 led
868 1849 940 1910 duro
955 1845 1098 1909 elemento
1118 1839 1266 1909 scribenda

263 1969 334 2013 uox
357 1949 412 2010 elle
445 1947 576 2011 videtur..
642 1947 695 2010 Pro
723 1945 815 2026 lira
831 1933 834 1941 ’
850 1947 926 2025 apud
945 1949 1105 2026 Appianum
1132 1949 1168 2008 de
1196 1945 1263 2008 bell.

276 2050 331 2110 civ.
349 2047 428 2110 L.·11.
450 2051 478 2123 p.
495 2047 565 2124 4'6'3'2
583 2046 782 2124 reponendum
800 2047 909 2120 judicat
920 2044 1163 2130 illorPalmerius
1183 2067 1210 2108 v.
1225 2027 1265 2122 εἰ.

262 2147 391 2212 exercit.
409 2145 445 2206 ad
466 2143 565 2210 Graec.
598 2145 678 2204 luet.
698 2161 726 2218 p·
756 2149 828 2222 166.
861 2141 1021 2209 Ravennati
1051 2145 1204 2221 Anonymo.
1225 2143 1265 2205 est

272 2238 390 2317 Absura.
425 2241 520 2302 Hodie
533 2235 666 2322 Spirnaffir
680 2253 797 2301 vocatur
815 2237 971 2301 secundum
982 2238 1168 2316 Thevetum,
1193 2239 1264 2301 Ureo

272 2341 429 2428 seeundum
446 2337 576 2416 Nigrum.
597 2357 625 2400 v.
658 2335 794 2398 Ortelius.
859 2337 923 2398 Nec
952 2338 1070 2398 tandem
1095 2335 1264 2420 Palaestinae

272 2461 367 2500 arenae
389 2438 496 2524 Lucani
513 2437 544 2498 in
557 2435 616 2521 Astu
635 2435 814 2512 querendae,'
846 2433 895 2496 sed
919 2435 950 2496 in
981 2434 1077 2513 Epiro.
1099 2435 1198 2498 Caesar
1223 2437 1267 2497 lo.

273 2533 340 2602 cum
362 2537 507 2621 Palaesten·
515 2537 585 2599 dicit
595 2582 604 2611 ,
616 2535 714 2614 'quem
731 2555 791 2595 non
812 2535 928 2612 'portum
941 2531 1060 2596 salutare
1076 2533 1198 2597 debebat
1210 2535 1264 2597 Re-

266 2627 384 2700 landus.
405 2657 433 2699 v.
458 2632 557 2698 Caesar
570 2634 588 2697 l.
605 2631 631 2699 ὁ.
646 2655 708 2713 cap.
727 2641 755 2696 ⁶.
779 2633 857 2711 quod
873 2635 949 2694 enim
982 2651 1080 2714 portus
1107 2654 1206 2696 omnes
1229 2637 1265 2695 ti-

271 2737 387 2810 mebat,
400 2735 450 2798 'ad
465 2734 608 2816 'Palaesten
625 2734 729 2795 milites
751 2732 890 2811 exposuit·
933 2732 1003 2796 Eam
1021 2733 1125 2810 Sulpic.
1143 2730 1260 2793 Verula-

272 2856 349 2910 nus,
381 2834 487 2897 Lucani
504 2835 664 2911 interpres,
687 2832 788 2895 urbem
802 2821 875 2893 dicit'
895 2833 1018 2892 vicinam
1037 2827 1142 2901 Orico,
1171 2847 1260 2907 prope

272 2934 420 2997 Ceraunia.
484 2931 520 2994 In
549 2932 627 2993 libris
652 2931 761 3007 scriptis
787 2929 864 3004 opud
893 2927 1041 2988 Caesarem
1064 2924 1135 2986 falso
1158 2924 1261 3004 legitur

270 3025 433 3104 Pharsalus.
469 3029 506 3092 0.
598 3027 697 3093 Vibius
715 3027 862 3090 Lucanum
877 3043 978 3100 parum
999 3024 1188 3102 intelligenter
1213 3045 1262 3087 au.

196 3190 197 3196 ἵ
270 3127 343 3188 divit
361 3127 392 3188 L.
413 3127 459 3200 V,
480 3131 550 3200 460.
584 3124 625 3198 ef.
654 3123 751 3186 Lamb·
780 3120 964 3185 Hortensium
995 3123 1032 3184 ad
1056 3121 1162 3185 Lucani
1184 3121 1205 3184 l.
1232 3144 1261 3191 c.

256 3215 398 3287 -voffium
420 3223 456 3285 ad
477 3221 553 3297 Caes.
574 3221 606 3284 B.
625 3223 658 3290 C.
673 3221 725 3286 111.
744 3227 771 3284 ό.
801 3220 975 3306 Palmerium
1010 3241 1027 3284 a
1054 3221 1262 3284 Grentemesnil

266 3307 440 3385 'Graecam
466 3311 514 3397 11,‘
532 3316 560 3384 2.'
575 3341 604 3400 p.
624 3341 693 3402 239.
717 3319 870 3383 Cellarium
894 3321 928 3382 G.
962 3323 996 3388 A.
1023 3319 1137 3403 11,13.
1161 3319 1261 3404 Gyml-¹

273 3421 342 3484 dum
361 3419 431 3484 Hist.
455 3420 543 3490 Deor.
566 3419 639 3500 synt.
665 3419 712 3483 Vl.
732 3439 762 3500 p.
778 3439 850 3489 211.
894 3435 1031 3484 nessus..

679 3585 860 3670 Benacus

265 3859 273 3868 Α
311 3791 339 3833 v.
356 3769 578 3856 Virgilius'rien.
607 3769 640 3837 L.
655 3769 697 3837 X.
715 3791 743 3834 v.
783 3789 1025 3850 2044111388131..
1116 3773 1260 3836 Benacum

272 3869 382 3930 rellius'
394 3872 424 3932 in
442 3869 564 3946 lactibus
586 3869 668 3948 ponit
688 3871 800 3947 noller,
824 3891 909 3951 quare
929 3875 957 3937 ἃ
975 3891 1029 3935 nos
1058 3869 1101 3932 de
1124 3891 1159 3932 eo
1175 3869 1260 3938 infra.

211 3975 214 3987 '
268 3961 312 4028 De
331 3967 442 4032 Mincio
467 3987 581 4052 quoque
608 3967 657 4032 suo
675 3967 750 4034 loco.
795 3971 832 4037 O.
