2798 4710
467 333 539 392 ars
598 331 849 392 suuntur
933 281 993 308 '¹
1110 342 1153 424 55

161 503 229 554 turn
244 488 293 565 fit,
321 506 382 549 non
405 485 510 566 absque
534 463 650 552 radone·
667 491 820 569 Sequellris
845 501 980 556 numeros
1000 511 1016 554 a
1039 491 1161 558 librariis

57 643 61 650 .
161 591 278 652 vitiatos
297 585 394 660 fnisse,
419 586 487 650 licet
509 586 659 668 suspicaris
684 589 800 651 Vibium
823 589 949 650 enimin
969 605 1159 655 retanrnota

162 685 290 765 lapsum,
311 686 389 748 haud
423 686 561 756 inducar,
593 700 626 750 ut
664 689 787 750 credam.
812 703 932 754 cunuu.

205 811 252 870 ubi
266 807 363 886 Galli)
390 809 427 870 de
449 807 597 872 Gallorum
617 811 735 874 viltoria
752 833 781 874 v.
795 809 927 892 Virgilius
942 813 1013 874 Aen.
1038 813 1069 876 L.
1089 811 1153 876 Vll.

141 947 144 952 -
161 927 191 970 v.
204 926 272 986 7ι7.
300 907 422 970 Ovidius
447 908 484 968 de
506 921 558 975 art.
578 928 635 974 arn.
655 909 685 972 L.
704 910 726 972 Ι.
738 931 765 973 ν.
784 930 853 990 413.
875 909 959 974 Rern.
982 932 1038 974 arn.
1052 932 1079 976 v.
1098 929 1158 974 sao

161 1005 297 1069 Lucanus
324 1007 356 1068 L.
379 1005 442 1068 VII.
468 1027 494 1068 v.
511 1017 581 1081 408.
597 1008 681 1072 Silius
707 1010 738 1072 L.
756 1009 834 1072 Vlll'.
863 1029 891 1072 v.
917 1015 989 1087 649.
1020 1024 1157 1074 uussuu.

160 1103 226 1170 Imo
244 1105 308 1167 talis
329 1105 482 1184 posthanc
508 1105 619 1169 cladem
644 1121 705 1170 orta
732 1107 841 1170 Rornae
869 1107 1083 1183 consternatio,
1124 1121 1157 1172 ut

163 1204 230 1266 fusis
251 1204 355 1266 deinde
380 1203 468 1266 Gallis
494 1194 644 1266 Alliensem
669 1206 745 1268 diem
769 1227 821 1284 pro
845 1205 1089 1284 inauspicatiffinro
1126 1207 1158 1266 in

163 1303 246 1366 fastos
279 1302 434 1365 retulerint.
478 1303 566 1366 Varro
582 1305 618 1366 de
643 1305 673 1367 L.
685 1305 715 1367 L.
738 1305 802 1369 libr.
814 1304 848 1367 V.
866 1324 930 1382 pag.
956 1324 1002 1380 ςο.
1032 1301 1158 1380 Alliensts

162 1400 220 1458 dies
241 1401 276 1458 ab
307 1399 385 1460 Allia
412 1401 503 1478 fluvio
531 1403 636 1462 diulus:
666 1425 729 1484 nam
752 1404 791 1462 ibi
820 1403 938 1463 exercitu
960 1403 1041 1482 nostro
1055 1398 1158 1483 fitgato

164 1497 243 1559 Galli
264 1493 416 1573 obsederant
440 1501 561 1562 Romam.
615 1501 696 1578 Quin
724 1503 752 1564 dr
779 1505 841 1577 ejus
862 1519 970 1562 nomen
992 1499 1155 1562 infaustum.

161 1595 309 1660 Minucius
338 1597 395 1661 Fel.
421 1618 484 1678 pag.
510 1617 537 1677 7.
556 1599 603 1660 Sic
625 1598 706 1660 Attia
731 1620 823 1659 nomen
851 1593 1049 1679 infaustum&
1079 1595 1156 1675 apud

161 1696 301 1764 Ovidium
310 1696 341 1757 ln
351 1696 436 1772 ibin,
465 1698 561 1780 gravis
571 1696 661 1761 Allia.
681 1698 785 1761 Festus.
804 1695 930 1778 Allienfis
947 1695 1006 1754 dias
1018 1695 1157 1754 dicebatur

163 1796 236 1875 apud
248 1796 382 1854 Romanos
398 1789 565 1874 obscemffrmr'
580 1797 683 1862 ominis.
708 1797 764 1859 Sed
782 1796 854 1857 haec
876 1812 953 1857 nota.
998 1792 1032 1858 id
1047 1810 1156 1852 nornen

164 1894 267 1956 deinde
282 1893 319 1955 ad
338 1894 449 1972 quosvis
461 1894 589 1956 infelices
616 1895 676 1956 dies
700 1895 882 1956 deduxerunt
901 1890 1043 1964 Rotnani;
1070 1900 1103 1950 ut
1117 1904 1155 1948 ex

162 1989 349 2069 inscriptione
363 2010 409 2069 13·
419 1991 499 2054 Claff.
512 1991 574 2054 VII·
586 1993 661 2070 apud
677 1992 840 2056 Reinesrunr
853 1990 962 2053 clarum
978 1989 1020 2054 fit.
1032 2001 1152 2050 cusuu.

160 2079 300 2167 Quisnam
314 2090 402 2151 hodie
414 2090 517 2153 fluvius
528 2092 701 2170 reputandus
710 2091 744 2154 srt
759 2087 812 2170 pro
827 2104 922 2154 vetere
930 2087 1011 2164 Allia,
1019 2085 1156 2184 dissepta·
1221 2145 1228 2172 ,

157 2201 213 2255 tur.
237 2183 364 2252 Blondus
393 2188 505 2265 scribit,
537 2189 683 2253 nonnullis
716 2191 806 2253 videri
830 2189 957 2270 Curtefio.
1024 2185 1153 2250 Leander

158 2299 245 2349 vocat
256 2285 435 2364 Camisare&
453 2287 508 2350 alio
524 2289 555 2350 in
572 2287 637 2352 locs
653 2289 705 2348 Rio
723 2289 751 2348 di
770 2283 866 2365 Mqffir.
886 2309 915 2355 v.
934 2285 1058 2360 ortelius
1069 2285 1152 2346 item-

158 2405 215 2465 que
237 2387 367 2448 Brietius.
409 2387 466 2449 Hie
485 2387 593 2450 rivulus
623 2390 652 2447 di
673 2383 765 2466 Moffir
787 2389 892 2451 arridet
911 2386 995 2448 etiarn
1017 2382 1152 2446 Cluverio

159 2487 188 2546 ἃ
201 2483 368 2560 Holstenio‚
387 2485 493 2565 quippe
519 2487 583 2565 qui,
611 2500 644 2549 ut
666 2488 762 2550 Livius
785 2486 902 2557 scribit,
923 2483 1049 2567 praealto
1073 2480 1152 2542 alveo

159 2581 189 2640 in
209 2583 317 2644 liberim
330 2583 432 2662 defluit.
457 2585 590 2647 Ceterum
608 2586 640 2646 in'
663 2588 770 2648 mendo
794 2585 899 2648 cubare
921 2582 1151 2660 supputationem

157 2682 311 2760 Sequestris
339 2681 460 2746 ostendit
490 2682 643 2748 Cluverius
658 2683 721 2747 Ital.
741 2699 799 2748 ant.
819 2682 1034 2760 L.11.p.709.
1053 2678 1090 2742 0.

571 2850 724 2933 Araxes

198 3039 225 3084 v.
248 3017 381 3082 Sidonius
398 3037 484 3085 carnr.
514 3017 578 3082 Vll.
605 3039 632 3082 v.
658 3037 707 3096 74.
732 3015 863 3080 Lucanus
883 3015 998 3084 LVII.
1025 3037 1052 3082 v.
1078 3029 1145 3091 188.

153 3118 259 3181 Statius
277 3117 308 3180 L.
331 3117 352 3180 l.
380 3117 450 3182 silv.
467 3117 516 3180 IV.
546 3138 578 3183 v.
602 3136 648 3196 77.
671 3151 703 3162 -
740 3117 874 3180 Ceterum
897 3117 927 3177 in
955 3115 1015 3179 aliis
1044 3114 1146 3195 legitur

153 3216 304 3292 Arabiam,
323 3217 421 3293 quodsi
435 3218 605 3291 retineatur,
623 3217 782 3278 videndum
802 3217 841 3276 est
852 3261 861 3290 ,
873 3235 959 3295 quarn
974 3216 1004 3276 in
1015 3215 1147 3293 hocapte

153 3314 275 3392 quadret
301 3315 525 3393 Xenophontius
538 3318 648 3376 Araxes
668 3316 733 3394 Cyr.
756 3317 859 3392 exped.
887 3315 919 3377 L.
941 3313 965 3382 1.
991 3334 1055 3392 pag.
1076 3334 1145 3388 15¹·

152 3409 257 3469 irradias
272 3408 391 3489 {gendum
417 3409 461 3471 dui
487 3412 531 3475 tris
551 3411 638 3490 Συρίοις
658 3418 767 3488 suipsius
793 3415 872 3474 iuria,
897 3409 1069 3490 aapmdssar
1092 3433 1147 3467 w-
1226 3423 1229 3430 '

151 3505 268 3572 vinarias»
286 3518 309 3584 »ᾖ
331 3508 474 3585 dusaritim
491 3516 546 3590 reple
566 3516 604 3567 als
624 3506 725 3588 Ἀμῖξην
747 3507 862 3586 asinali,
894 3507 992 3572 {sidulas
1014 3499 1074 3572 icas
1096 3506 1146 3562 trai-

152 3633 202 3683 puu
233 3605 318 3666 roualt
341 3607 421 3684 μιςαὶ
441 3607 499 3669 cira
525 3618 549 3684 ig*
573 3610 640 3671 lars,
674 3605 769 3670 islarius
794 3606 890 3685 l'uurar
919 3611 1008 3684 ἡμέρας
1038 3605 1098 3680 τρεῖς
1122 3610 1147 3678 19

151 3701 319 3765 interlinearis.
342 3707 445 3768 irradias
466 3705 588 3785 ἐξελοίννει
611 3707 655 3768 dni
679 3706 721 3772 τῖς
744 3704 862 3784 Ἀραβίας
884 3710 922 3763 ris
948 3698 1082 3780 'qufoirsr
1103 3727 1148 3758 aa·

149 3807 228 3876 raptis
248 3807 269 3858 ἐν
289 3803 364 3882 ἔεξιςῖ
386 3804 467 3879 ἔχων,
502 3806 627 3881 nalstede
654 3801 754 3885 ἐρῆμους
785 3803 866 3881 sirie,
884 3797 1054 3880 angariasaut
1080 3795 1148 3877 τρισί-

149 3895 219 3956 ²⁰³7⁰⁶
243 3907 268 3975 ’a‘
288 3899 361 3972 virli.
406 3903 492 3966 Hunc
521 3907 641 3966 Araxem
671 3919 753 3983 putat
777 3905 850 3968 Sarn.
880 3902 1036 3964 Bochartus
1067 3897 1145 3961 PhaL

153 3994 185 4058 L.
206 3995 245 4064 li.
271 4018 332 4076 cap.
352 4021 397 4064 ιι.
416 4001 564 4063 clauorum
581 4003 655 4080 elie,
671 4003 806 4066 Cellarius
826 4017 921 4066 autern
944 4021 1038 4081 geogr.
1058 3999 1145 4075 antiq.

691 4101 758 4174 Dr
