2780 4712
256 341 333 420 142
477 328 672 391 mortu
717 327 1033 391 vruronum

248 498 293 561 nis
316 491 410 581 agris,
424 491 472 550 ‘ex
486 487 594 550 Benaco
609 484 667 550 scil.
687 486 789 550 fluens.
832 487 1003 565 Conietlura
1027 489 1102 556 haee
1120 511 1181 556 non
1195 495 1252 562 dis,-

248 595 359 676 plicet,
383 590 423 653 ast
446 587 619 654 membranis
639 585 736 648 invitis
761 583 910 650 sollicitare
935 589 1032 654 locunt
1059 612 1120 655 non
1145 595 1184 657 est
1207 597 1251 659 vi.

249 693 321 758 sum.
348 685 584 754 Subaudiendum
609 683 747 747 fortassis:
771 686 870 768 agris,
891 688 922 750 ni
937 689 1043 769 gentile
1061 692 1094 756 fit
1116 696 1251 758 Mamm,

249 794 313 867 ru's,
335 786 506 856 substantive
543 782 677 863 politum.
700 781 806 868 Agitur
824 785 901 848 idem
921 789 1000 866 quod
1021 788 1142 866 labitur,
1157 792 1252 874 prola·

123 905 129 914 ·
247 893 330 954 duur.
369 887 416 950 De
426 883 539 948 Mincio
561 902 590 948 v.
614 881 794 960 &Virgilius
806 885 886 960 Aen,
910 885 943 948 L.
953 887 994 950 X.
1019 907 1051 952 u.
1070 897 1137 952 206.
1171 891 1252 957 Sido

247 989 314 1052 hius
331 981 455 1062 Apollio.
477 975 511 1046 Ι..
532 978 556 1044 1.
574 999 619 1058 ep.
642 1001 670 1055 ς.
705 979 878 1046 Claudianus
902 984 939 1046 de
973 982 1054 1048 sexto
1079 986 1163 1054 Cons.
1192 989 1252 1052 Ho-

248 1086 323 1150 norii
343 1103 371 1146 v.
398 1092 455 1152 198
478 1080 553 1143 &in
571 1077 697 1158 Epithal.
718 1078 822 1143 Pallad.
855 1084 882 1145 de
908 1083 1006 1146 Seren.
1029 1104 1058 1146 v.
1075 1097 1142 1158 108.
1173 1086 1252 1150 Min-

247 1184 360 1252 cladem
382 1191 467 1244 vocat
481 1179 632 1242 Maronem
649 1178 781 1240 Sedulios
803 1180 891 1257 praes.
915 1179 978 1244 hist.
1006 1180 1114 1261 Evang.
1141 1189 1171 1249 u.
1201 1203 1248 1248 ro.

248 1281 378 1348 Andibus
400 1296 489 1358 prope
505 1275 657 1340 Mantuam
674 1275 845 1353 oriundum,
875 1278 958 1342 cuius
985 1295 1136 1360 eapropter
1162 1283 1252 1345 Andi-

248 1400 320 1446 num
344 1391 460 1462 cantum
475 1375 573 1439 laudat
605 1373 688 1438 Silius
714 1371 778 1439 Ital.
812 1376 846 1446 L.
865 1375 945 1447 vtll.
981 1397 1014 1440 v.·
1029 1399 1097 1458 594.
1117 1379 1250 1447 ‘Mincio

249 1481 337 1546 idem
351 1495 460 1543 nomen
489 1474 641 1555 hodieque.
675 1474 713 1544 O.

666 1649 840 1739 Mosella

288 1857 355 1922 Hoc
376 1857 485 1920 flumen
518 1847 674 1918 celebravit
706 1849 845 1916 Ausonius
885 1850 973 1933 edyll.
1017 1871 1065 1916 ro.
1109 1869 1246 1920 nassau.

249 1955 391 2030 Mosella,
412 1954 460 2018 eui
479 1951 602 2013 taurinae
615 1945 720 2030 fronris
744 1949 865 2013 bonorem
884 1951 1029 2016 Ausonius
1053 1951 1151 2017 tribuit
1166 2001 1176 2031 ,
1191 1956 1250 2020 eui·

249 2075 306 2136 que
321 2055 399 2120 idern
424 2070 531 2114 nornen
556 2048 700 2128 hodieque
725 2048 871 2124 inhaeret,
897 2052 973 2129 apud
990 2050 1105 2113 Florum
1138 2051 1169 2114 L.
1193 2051 1247 2120 ΙΙΙ.

248 2174 275 2218 ο.
312 2173 359 2215 ro.
399 2141 511 2226 Musula
540 2147 654 2213 dicitur.
701 2148 734 2211 ln
767 2145 862 2212 tabula
881 2148 1081 2214 Theodosrana
1107 2146 1247 2230 Mufizllu.

248 2249 334 2330 Apud
352 2246 526 2310 Venantium
543 2243 661 2310 Fortun.
686 2245 719 2310 L.
738 2246 802 2308 Vll.
828 2266 853 2308 c.
877 2269 905 2320 4.
923 2267 951 2308 v.
972 2266 999 2323 7.
1026 2244 1161 2328 Mosella.
1191 2249 1249 2312 Ra·

248 2366 357 2412 vennae
374 2361 535 2434 anonymus
556 2338 694 2420 Muselam
716 2359 809 2410 vocat
833 2345 919 2420 Sunt,
941 2347 988 2425 qui
1010 2345 1173 2410 Ptolemaeo
1190 2351 1247 2413 Ob·

247 2446 349 2529 tingant
368 2442 481 2506 salutari
506 2441 677 2509 arbitrentur
700 2443 733 2509 t.
751 2445 787 2508 ΙΙ.
809 2464 834 2510 c.
856 2466 884 2522 9.
905 2445 942 2510 es.
956 2444 1047 2508 Hadr.
1069 2444 1194 2515 Valesrus
1216 2450 1249 2512 in

247 2543 342 2610 Non't.
363 2540 426 2605 Gall
448 2562 478 2622 p.
501 2550 567 2622 3⁶3·
611 2544 726 2623 Negant
746 2543 895 2612 Cluverius
907 2560 992 2626 utque
1012 2543 1173 2624 cellarium
1197 2550 1248 2613 rni-

247 2661 315 2718 rum,
328 2655 448 2718 tamen,
465 2641 496 2704 ni
513 2642 538 2704 is
561 2641 596 2704 fit
613 2641 738 2717 fluvius,
757 2642 909 2710 Mosellam
937 2643 1050 2728 prorsus
1069 2649 1213 2723 praeteriri
1229 2669 1246 2726 a

246 2739 420 2806 Ptolemaeo.
448 2740 486 2804 of.
509 2744 538 2804 du
558 2739 708 2805 D'rinville
731 2742 837 2810 Notice
855 2741 935 2808 dela
954 2743 1088 2822 Gaulep.
1110 2766 1179 2821 499.
1200 2745 1245 2826 De

247 2840 385 2910 Mosellae
409 2858 477 2904 cunr
497 2841 576 2906 tran
593 2853 701 2906 tentata
720 2841 945 2917 conjunctione,
981 2843 1030 2920 qui
1050 2845 1175 2921 egregius
1193 2862 1244 2920 co,

246 2954 333 3004 natus
353 2942 385 3004 L.
402 2940 512 3002 Veteris
533 2940 607 3014 fuit,
635 2940 728 3004 nostra
750 2941 963 3018 jungendorum
989 2941 1110 3010 marium
1142 2941 1244 3019 fluvio,

246 3055 369 3117 rumque
389 3038 482 3102 omnir
503 3039 567 3102 aevi
587 3036 736 3104 molimina
761 3036 901 3105 consoles.
947 3039 995 3122 O..

685 3218 818 3304 Minio
901 3253 905 3262 ¹

288 3438 317 3484 r.
341 3416 454 3480 Servius
470 3415 507 3480 ad
521 3415 600 3496 Virg.
625 3418 697 3480 rien.
721 3417 754 3482 L.
772 3415 811 3482 X.
835 3438 863 3481 v.
882 3428 949 3496 1834
971 3409 1137 3506 fluuhrsefl
1154 3417 1244 3486 diiniu

249 3513 361 3595 Tusciae
382 3515 456 3579 ultra
470 3516 579 3578 Centum
592 3516 687 3580 cellas.
709 3517 745 3579 cs.
765 3515 822 3592 Jos.
839 3516 1007 3592 Simlerum,
1033 3516 1090 3594 Jos.
1113 3519 1245 3582 Castalio·

244 3637 315 3680 nem
330 3621 358 3681 δι
373 3615 487 3699 Theod.
500 3617 699 3680 Sitzmannum
714 3617 751 3677 ad
763 3613 862 3678 Rutilii
872 3616 965 3677 itiner.
978 3636 1006 3678 v.
1019 3635 1088 3694 279.
1103 3631 1243 3685 ausser..

245 3714 342 3782 Hodie
360 3716 488 3798 Miguone
506 3714 577 3777 item
599 3717 737 3797 Mugnone
760 3713 903 3780 salutatur.
947 3713 1025 3780 Inter
1048 3716 1244 3782 Grauiscas&

244 3813 457 3877 Centumcellas
470 3817 569 3892 (nunc
581 3811 805 3889 Ciuiraveccluiu)
822 3811 982 3888 defluebat,
999 3827 1084 3892 atque
1102 3814 1140 3876 fio
1157 3816 1244 3877 etiarn

165 3936 171 3945 ·
245 3913 279 3978 in
294 3913 389 3976 tabula
406 3913 603 3976 Theodosiana
623 3911 743 3986 srstitur,
761 3925 895 3991 corrupte
915 3911 983 3974 licet
996 3911 1099 3974 Mindu
1115 3927 1243 3978 vocatus*-
1277 3953 1289 3980 t

246 4013 352 4094 Neque
373 4014 532 4092 audiendus
553 4012 601 4076 hic
622 4011 663 4075 ess
684 4007 787 4088 Mela,
798 4012 847 4091 qui
861 4012 966 4094 Pyrgos
979 4012 1054 4078 inter
1070 4015 1098 4075 du
1115 4011 1244 4077 Castrum
