2836 4718
716 13 732 96 l

276 283 358 438 3o8
491 323 675 399 uorsa
732 322 1046 392 vantonom

279 503 344 580 la&
371 497 468 570 idalia
486 497 531 560 ese
560 487 695 571 'Apuliae
725 496 750 563 a)
778 487 847 548 ninus
870 473 922 544 sca
942 482 1000 560 παρ’
1027 472 1094 560 alosti
1123 482 1273 560 ansilam»,

277 613 316 662 ’Es
343 591 361 658 ei
388 597 435 675 'cipes
470 596 540 656 lost?
568 589 658 667 'Eratis
687 585 849 655 ’γεγεννῆσθαι
889 585 916 638 ira
945 578 1031 644 Maiae
1059 583 1104 643 τῖῐς
1131 581 1276 651 'Arantia'-

280 703 407 774 Svyaepie
435 705 458 770 st)
483 691 556 753 Ato'e·
583 691 640 747 ὅθεν
662 694 687 760 tl}
718 681 841 746 Kolbairur
867 686 909 739 eir
936 681 995 737 &esu
1019 697 1103 755 φύσιν.
1139 692 1276 744 HESSEL,

325 797 494 862 llltilstmum
520 791 598 852 huno
614 785 751 848 Arcadlac
775 793 904 842 montem
919 777 1017 852 fuisse,
1047 778 1155 840 docent
1177 779 1277 842 Strabo

284 901 316 964 L.
336 897 413 958 Vlll.
430 913 458 972 p.
477 901 544 969 388.
563 891 591 950 dc
614 883 759 948 Pausanias
780 882 808 942 L.
823 877 941 941 Villo.
966 894 1013 954 17·
1037 875 1074 938 Et
1092 876 1141 937 ille
1162 878 1278 954 quidem

281 1009 427 1076 praeterea
448 965 686 1069 perpendiiulum
716 983 778 1055 ejus
805 977 841 1038 ab
865 977 926 1038 aliis
957 975 1113 1038 stadiorum
1136 977 1220 1052 XX,
1243 977 1278 1038 ab

283 1095 344 1158 aliis
360 1094 396 1154 ad
417 1091 484 1154 XV.
508 1088 578 1166 poni
597 1095 694 1154 notat3
733 1079 783 1140 hic
807 1077 839 1137 in
869 1073 979 1138 summo
1007 1075 1115 1136 vertice
1143 1076 1278 1138 Mercurii

285 1191 410 1272 Cyllenii
432 1185 574 1264 templum
595 1176 741 1242 eminuisse
761 1189 921 1249 memorat,
940 1173 989 1234 sed
1014 1173 1184 1250 collapsum.
1204 1175 1280 1236 tlibi·

282 1305 372 1356 tratur
390 1307 476 1367 porro
498 1299 560 1346 tum
581 1280 674 1342 monti
691 1291 753 1338 tum
770 1275 834 1336 Deo
864 1293 880 1334 a
905 1271 1024 1347 Cyllene
1052 1271 1126 1333 Elati
1151 1272 1212 1333 filio
1232 1293 1279 1336 co-

283 1391 419 1474 gnomina
438 1385 493 1446 else
513 1382 613 1444 indita.
637 1377 671 1440 ln
687 1374 806 1436 nomine
827 1371 937 1452 Cyllene
957 1369 1000 1431 isti
1015 1369 1165 1446 scriptores
1178 1387 1279 1434 omnes

283 1489 487 1556 consentiunt,
514 1493 547 1543 ot
578 1481 653 1539 teile
681 1477 708 1536 dc
739 1470 870 1534 Heinsius
902 1470 978 1547 apud
1002 1469 1141 1532 Ovidium
1168 1469 1279 1549 Cyllene

284 1584 426 1648 extrultlse
442 1583 590 1650 videatur,
616 1579 643 1637 dc
667 1591 720 1634 nos
746 1569 901 1632 Hesselium
924 1568 1036 1630 secutos
1058 1566 1086 1623 u?
1112 1568 1218 1649 Cyllene
1241 1556 1280 1643 rai
1389 1590 1391 1593 ·

288 1685 432 1768 Cyllenae,
460 1679 538 1759 quod
559 1675 653 1738 codex
675 1671 757 1734 Revii
777 1672 802 1731 dr
821 1667 934 1729 Patistni
952 1667 1016 1728 libri
1032 1685 1100 1744 prae
1115 1665 1143 1728 se
1160 1665 1275 1734 ferunt,

284 1779 446 1866 praetulisse
468 1778 629 1839 sentiamus.
679 1769 773 1832 Habet
801 1781 898 1828 tamen
934 1765 983 1827 sed
1013 1766 1153 1841 adjectiva
1186 1765 1280 1826 forma

183 1871 185 1876 ¹
290 1882 429 1964 Cyllenius
456 1876 537 1941 lllela
559 1875 590 1937 L.
605 1872 643 1936 ll.
670 1890 695 1934 c.
722 1887 747 1944 3.
769 1867 813 1928 De
828 1878 942 1927 caetero
958 1862 1077 1942 Cyllene
1089 1863 1156 1926 urbs
1169 1876 1281 1940 praeter

285 1981 453 2045 Arcadicam
487 1975 579 2036 monti
603 1970 791 2039 anstrudam,
822 1969 849 2026 dc
881 1965 912 2025 in
944 1963 1025 2026 Elide
1050 1962 1125 2037 suit,
1164 1961 1279 2046 testibus

286 2075 591 2158 Thucydide,Liyio‚
606 2069 763 2139 Strabone,
789 2063 929 2142 aliisque,
952 2066 979 2125 dc
1010 2063 1040 2122 in
1063 2059 1201 2130 Aeolide,
1221 2079 1280 2121 me-

287 2192 397 2238 morata
417 2171 609 2249 Xenophonti
631 2170 659 2230 in
687 2165 845 2244 Cyropaed.
883 2159 995 2238 utvtl.
1022 2162 1160 2222 Arcadico
1188 2161 1279 2221 monti

285 2271 431 2347 hodieque
450 2271 597 2345 antiquum
626 2269 726 2326 restare
742 2283 851 2323 nomen
871 2261 1018 2340 Cyllenes,
1052 2261 1174 2323 Brietius
1195 2261 1280 2322 refert

288 2373 321 2433 in
347 2367 473 2449 parallel.
501 2367 530 2428 Ρ.
557 2365 593 2428 ll.
615 2385 645 2442 p.
667 2381 737 2439 432.
782 2363 819 2424 Ο.

699 2527 867 2613 Catillus

328 2735 443 2801 Servius
459 2731 495 2793 ad
518 2727 664 2808 Virgilium
692 2729 761 2786 llen.
783 2724 814 2786 L.
835 2721 899 2785 vll.
922 2741 950 2784 v.
978 2727 1047 2801 672.

412 2835 478 2892 Tum
499 2827 595 2912 gemini
612 2823 716 2906 fratres
740 2823 860 2882 Tiburtia
888 2821 991 2880 moenia
1013 2821 1154 2899 linquunt,

409 2930 517 2991 Fratris
545 2926 652 2986 Tiburti
674 2925 769 2982 dilsam
798 2919 947 3002 cognomine
972 2937 1073 3001 gentem

412 3020 595 3104 Catillusque,
618 3043 728 3104 acerque
754 3020 855 3090 Coras,
884 3019 992 3101 Argiua
1012 3013 1151 3098 juventus.

284 3129 332 3188 De
364 3121 479 3186 Graecia
500 3142 557 3197 tres
559 3117 664 3200 fratres
678 3136 803 3181 uenerunt
819 3117 1004 3188 cristalium,
1029 3113 1163 3186 Catillus,
1183 3113 1283 3187 Coras,

285 3226 366 3286 Tibur
384 3249 411 3284 ν.
433 3223 571 3281 Tiburnus.
605 3219 647 3280 Hi
653 3218 736 3299 fimus
751 3238 831 3276 unam
842 3209 932 3295 fecere
962 3213 1100 3274 ciuitatem
1124 3210 1230 3270 &eam
1249 3211 1284 3268 de

275 3317 377 3404 fratris
395 3317 505 3401 majoris
531 3318 633 3378 nomine
659 3317 744 3376 Tibur
763 3315 967 3397 appellauerunt
1009 3344 1022 3356 ·
1065 3343 1077 3354 -
1174 3312 1205 3369 A
1229 3310 1285 3368 Ca·

281 3423 343 3482 tillo
364 3421 447 3478 diuus
469 3439 543 3476 mons
561 3414 657 3474 Catilli
665 3435 761 3494 ,quem
778 3412 877 3471 Catelli
895 3415 988 3470 dieunt
999 3431 1051 3492 per
1074 3407 1280 3488 corruptionem,

276 3519 364 3603 juxta
387 3517 474 3576 Tibur.
512 3517 623 3576 Praeter
643 3529 753 3575 ceteros
772 3510 880 3590 Virgilii
913 3525 1089 3572 enarratores
1110 3526 1178 3568 cum
1190 3502 1281 3564 Vibio

281 3621 407 3688 faciunt,
433 3615 512 3692 quod
531 3615 665 3675 adhunc
685 3611 782 3672 locum
801 3611 903 3672 attinet
926 3628 959 3670 ac
976 3608 1162 3684 proximum,
1193 3603 1286 3662 inter·
1401 3627 1402 3646 .

281 3733 374 3795 preces
391 3713 499 3776 Horatii
513 3713 550 3773 ad
558 3713 589 3776 L.
609 3712 630 3770 l.
648 3712 695 3770 od.
713 3731 738 3783 7.
756 3731 783 3770 v.
806 3729 851 3785 13·
868 3712 895 3770 dc
913 3709 969 3768 ode
985 3718 1031 3777 18.
1050 3727 1078 3767 v.
1091 3725 1118 3768 2.
1139 3715 1283 3766 HESSEL.
1401 3771 1402 3782 .

197 3881 214 3894 Α,
325 3814 443 3875 Horatio
468 3809 570 3871 dicitur
595 3809 708 3868 Catilus.
736 3807 756 3872 l.
783 3809 855 3886 post.

200 3889 233 3954 ἢ
406 3909 486 3968 Circa
508 3910 569 3967 mite
586 3891 675 3981 solum
710 3906 819 3966 Tiburis
840 3905 986 4006 6¹·moent'a
1007 3900 1101 3968 Cnilr'.

283 4006 390 4072 Verum
413 4007 496 4075 bilius
519 4007 551 4070 la
577 4004 652 4068 Vlll.
675 4023 704 4070 v.
731 4012 798 4082 366.
862 4011 864 4018 '
1048 3995 1051 4007 ⁴
