2798 4710
497 297 743 466 eod
1065 325 1120 404 nt

35 488 37 493 ι
169 531 202 608 ς,
230 505 446 605 Sequestrem
473 510 654 578 nudorum
680 501 805 598 scripta
830 507 869 578 in
900 503 1001 580 usum
1017 501 1120 586 suum

118 621 352 705 convertisse,
379 643 468 714 quae
485 643 580 692 nune
601 616 668 692 fint
691 623 730 690 in
749 613 960 714 deperditis,
980 640 1055 698 tum
1074 653 1118 702 ex

122 745 223 818 dictis
242 751 363 834 patet,
399 753 478 807 tum
495 736 645 805 maxime
669 755 713 804 ex
729 755 789 814 eo,
820 734 914 826 quod
938 737 1122 830 regionum

122 854 340 953 quarundam
370 845 595 941 descriptioni
639 844 818 918 inhaereat
863 845 1120 945 studiofiffime,

122 970 370 1062 compluraque
389 987 433 1034 ex
448 960 521 1033 istis
544 963 687 1033 nomina
704 954 844 1044 afferat,
873 964 917 1034 iis
945 988 1033 1057 quos
1065 963 1122 1038 su-

120 1083 279 1180 perstites
304 1078 472 1150 habemus
500 1071 727 1168 scriptoribus
763 1077 898 1168 ignoto.
950 1077 1032 1150 Huc
1069 1097 1124 1152 rt·-

121 1195 267 1270 serenda
284 1191 368 1266 sunt
389 1215 446 1274 ea,
472 1212 560 1282 quae
585 1189 627 1260 de
648 1187 870 1280 Dyrrachina
894 1193 1122 1287 topographia

126 1311 278 1388 auctoris
296 1307 497 1378 monuimus
516 1299 643 1395 passim.
671 1300 807 1376 illustre
825 1305 1022 1398 exemplum
1037 1332 1122 1401 quo-

130 1449 195 1522 que
220 1438 316 1494 extat
339 1423 378 1491 in
395 1420 525 1516 Langia
548 1414 666 1499 fonte,
697 1439 803 1509 quem
818 1419 1047 1491 Archemorum
1075 1419 1125 1494 su·

128 1538 279 1610 lutatum
296 1530 456 1626 perhibet
472 1530 607 1611 noster3
622 1529 670 1602 ast
689 1531 726 1604 id
744 1531 942 1605 inauditum
963 1536 1125 1630 penitus,

131 1649 195 1724 nisi
211 1648 307 1744 quod
324 1645 467 1720 testetur
481 1647 582 1719 Statii
607 1641 802 1718 scholiastes
826 1643 869 1718 ad
883 1646 997 1720 Theb.
1010 1651 1048 1724 b.
1060 1651 1124 1730 IV,
1191 1707 1192 1712 ,

134 1788 169 1836 v.
187 1773 267 1853 824
297 1786 341 1832 ex
366 1785 438 1854 quo
465 1754 582 1832 forsan
604 1756 718 1830 hausit
749 1760 889 1840 Vibius.
943 1765 1128 1857 Quicquid

140 1872 199 1957 fit,
220 1874 366 1949 adhunc
383 1875 501 1945 locum
523 1871 673 1944 eundem
694 1874 819 1966 Caspar
835 1874 997 1950 Barthius
1018 1929 1040 1966 ‚,
1054 1902 1129 1950 non

138 2046 162 2084 „
180 1983 407 2081 spernendum
420 1989 595 2060 audorem
618 1984 703 2058 dicit
719 1987 888 2071 Vibium,
912 1992 977 2082 qui
987 1989 1127 2065 nonnifi

136 2130 163 2184 υ
177 2104 282 2176 multa
300 2104 449 2174 leitione
466 2096 546 2173 suos
567 2099 743 2174 indiculos
765 2107 989 2198 compegerit.
1005 2157 1027 2196 „

187 2326 220 2388 6.
246 2313 339 2390 Usus
366 2312 413 2386 est
434 2313 535 2386 Vibii
552 2313 670 2386 libello
688 2311 768 2401 Joh.
788 2313 973 2388 Boccacius
989 2315 1032 2389 de
1047 2317 1132 2390 Cer-

135 2430 255 2512 taldo,
278 2432 340 2522 qui
359 2424 495 2500 saeculo
511 2427 603 2500 XIV
628 2424 774 2500 similem
798 2427 856 2500 isti
880 2429 1033 2504 laborem
1060 2429 1128 2506 sus·
1194 2453 1202 2472 ·

141 2549 260 2636 cepit,
294 2541 382 2615 serie
415 2541 630 2624 fluminum,
662 2538 841 2626 sontium,
870 2537 1033 2629 lacuum,
1072 2571 1133 2618 ne-

136 2681 282 2731 morum
303 2661 335 2728 &
355 2654 399 2730 fic
420 2680 526 2752 porro
540 2658 758 2730 concinnata.
812 2657 856 2730 In
874 2681 915 2732 eo
946 2657 1133 2731 candorem

136 2773 208 2845 viri
226 2767 416 2844 desiderant
437 2771 594 2844 certatim
614 2769 762 2855 eruditi,
801 2769 896 2863 quod
918 2795 1048 2844 nomen
1076 2773 1135 2844 Se-

137 2884 287 2980 questris
308 2881 472 2979 prefferit.
508 2880 709 2978 Utrumque
725 2882 874 2955 Vibium
890 2901 994 2976 atque
1012 2876 1136 2955 Bocca-

138 3004 232 3073 cium
262 2996 464 3094 frequentet
482 3001 638 3091 contuli,
662 2999 880 3096 alterumque
901 2997 1003 3076 alteri
1019 2997 1136 3078 lucem
