2836 4718
260 363 339 448 332
471 349 655 410 uorat
712 345 1029 408 venroreuur

257 510 408 577 Moutesin
427 507 571 586 Arcadia,
593 504 695 566 Pholoe
715 523 774 566 eum
800 503 919 586 oppido:
947 505 1009 564 hem
1031 499 1162 585 Cyllene;
1193 505 1246 584 Ly*

257 636 358 683 cecus,
378 612 406 671 in
426 629 477 691 quc
499 605 577 669 lovis
600 604 705 684 Lycaei
721 601 867 667 delubrum.
897 601 1042 666 Pausanias
1068 621 1184 680 quoque
1212 621 1247 664 ex

256 714 398 780 Arcadum
419 705 556 768 sententie
574 702 676 777 Jovcm
691 721 751 762 non
779 702 808 761 in
828 701 911 763 Creta
928 701 1034 775 insula,
1061 701 1108 763 sed
1128 705 1158 762 in
1181 723 1247 781 agro

256 812 380 893 quodam
396 804 515 884 Lycaei,
537 801 746 876 diducente,
769 789 923 876 edsttum
948 801 1042 862 refert.
1067 822 1094 862 v.
1119 802 1148 863 L.
1170 801 1245 864 Vlli.

255 933 281 978 o.
305 922 350 989 38.
373 906 515 984 Lycaeum
540 901 591 957 212
619 899 667 954 edu
689 893 790 957 Aleon,
819 899 953 976 asupio,
989 919 1061 976 quos
1084 899 1247 976 frequentes

253 1011 309 1074 suis
329 1005 422 1070 alebar
436 1005 466 1064 in
490 998 626 1073 latebris,
649 996 704 1058 esse
719 998 827 1059 dicium
841 1043 851 1072 ,
866 1017 925 1058 non
945 997 985 1058 est
1001 997 1130 1058 dubium.
1162 997 1245 1059 Indo-

254 1112 312 1173 lenr
333 1105 439 1182 montis
458 1100 554 1179 aliquo
574 1098 662 1162 modo
681 1095 953 1171 declaretOvidius‚
975 1095 1024 1157 ubi
1036 1095 1156 1158 Metam.
1178 1096 1209 1158 L.
1221 1095 1245 1159 Ι.

254 1231 283 1274 v.
306 1225 340 1272 21
380 1223 389 1266 ε

347 1225 703 1376 ⁷Maena1aeraefieram‚
725 1292 837 1354 latebris
861 1295 989 1355 horrenda
1002 1291 1125 1374 ferarum

378 1401 419 1458 Et
442 1415 502 1457 cunt
526 1393 638 1480 Cyllene
663 1392 749 1478 gelidi
761 1393 857 1474 pireto
884 1393 997 1474 Lycaei.

253 1503 299 1568 De
315 1497 394 1564 cultu
420 1493 499 1556 Panic
526 1513 553 1554 v.
581 1491 729 1556 Pausanias
750 1489 768 1552 l.
801 1511 827 1554 c.
862 1494 890 1556 dc
922 1493 1081 1555 audiendus
1115 1491 1246 1572 Virgilius

253 1603 355 1680 Georg.
375 1595 406 1664 L.
427 1593 450 1660 Ι.
474 1613 504 1658 v.
532 1600 579 1654 16.

375 1687 436 1784 Ipse
457 1710 549 1752 nemus
566 1688 687 1770 linquens
699 1688 820 1770 patrium
834 1683 974 1770 saltusque
995 1692 1122 1772 lycaei,

378 1794 441 1854 Pan
463 1790 556 1850 ovium
574 1787 676 1870 custos,
700 1803 750 1848 tua
761 1785 795 1866 st
812 1787 862 1846 tibi
884 1787 1015 1850 Maenela
1041 1811 1128 1854 curat.

253 1877 381 1982 Lycaeus
395 1909 510 1971 quoque
540 1888 651 1953 Faunus
674 1886 777 1947 dicitur
793 1885 900 1948 Ouidio
917 1887 978 1948 fast.
1000 1887 1031 1954 L.
1053 1887 1090 1950 ΙΙ.
1119 1910 1148 1951 v.
1174 1909 1244 1968 424.

378 1991 456 2072 Quid
478 2004 554 2050 uetat
569 1985 709 2048 Arcadico
729 1983 811 2050 ditius
827 2007 845 2042 a
861 2003 945 2046 monte
965 1987 1124 2069 Lupercos?

417 2089 528 2147 Faunus
553 2085 581 2146 ln
603 2085 726 2148 Arcadia
745 2083 844 2165 templa
867 2085 993 2165 Lycaeus
1015 2088 1102 2148 habet.

254 2197 405 2264 Caeterum
425 2187 518 2249 Latini
540 2202 655 2268 quoque
675 2183 793 2263 Lyceum
811 2181 969 2246 scribebant
999 2204 1035 2246 ex
1060 2186 1169 2252 Graeco
1194 2183 1246 2245 nl.

253 2303 338 2357 uero,
371 2286 467 2349 Hodie
488 2283 600 2348 Minna
621 2283 698 2350 dici,
723 2282 808 2343 refert
824 2282 943 2346 Rrietius
960 2284 991 2344 in
1006 2283 1131 2348 Parallel.
1161 2286 1189 2348 P.
1208 2287 1243 2350 li.

253 2413 281 2472 p.
299 2406 367 2468 433.
395 2382 475 2447 Olim
496 2379 605 2443 diversa
621 2379 721 2442 habuit
751 2365 884 2458 nentina,
915 2381 983 2444 telle
1011 2382 1144 2445 Pausania
1174 2385 1194 2447 l.
1218 2406 1246 2450 c.

251 2487 359 2548 daudet
379 2483 405 2543 li
432 2479 496 2540 elvrl
523 2477 575 2558 (vl
601 2474 728 2555 Aluntur)
748 2485 771 2552 η)
793 2477 923 2552 Ὄλυμπον
960 2487 984 2556 tp)
1012 2476 1075 2556 ltpet'u
1108 2508 1139 2550 γι
1173 2481 1248 2562 l'ctpee

251 2588 299 2646 edu
319 2579 444 2662 'Apuliae
467 2575 578 2658 cepeoii.
622 2577 704 2642 Idem
719 2593 809 2644 totam
832 2581 978 2658 regionem
998 2581 1176 2656 adjacentem
1194 2585 1249 2662 Ly·

252 2671 379 2756 natatem
402 2701 501 2762 agrum
528 2677 569 2742 eir
594 2673 730 2738 nemerim
758 2671 838 2748 uelem
874 2695 1004 2741 vocatam
1030 2681 1084 2743 eise
1114 2686 1252 2763 perhibet

252 2787 286 2855 L.
302 2807 328 2848 c.
348 2804 410 2862 cap.
438 2800 484 2859 30.
509 2779 553 2844 Est
573 2781 600 2842 dc
621 2779 733 2858 lycaea
751 2777 818 2838 urbs
844 2779 979 2842 Arcadiae
1004 2781 1159 2859 Stephano.
1189 2787 1250 2867 Ly.

254 2877 343 2960 ecum,
381 2880 583 2966 Gymnasium,
625 2879 753 2940 doclrina
789 2874 966 2954 Peripatetici
987 2877 1112 2956 clarum,
1140 2883 1251 2962 absque

252 2965 434 3061 diphthongo
456 2980 534 3058 pingi
556 2975 644 3052 solen
668 2991 786 3039 vocatur
812 2979 839 3040 dc
864 2977 993 3057 Lyceium
1022 2978 1141 3044 nocito,
1177 2986 1251 3046 teste

251 3078 408 3155 Stephano.
438 3075 465 3139 Is
488 3078 630 3154 peripatus
650 3095 739 3154 prope
754 3071 888 3138 ‘Athenas
904 3077 975 3153 suit,
1002 3100 1109 3144 nomen
1133 3103 1150 3144 a
1172 3085 1251 3159 Jove

251 3178 346 3260 Lycto
370 3173 501 3252 sortitus,
524 3176 565 3240 uti
583 3176 669 3239 docet
686 3175 825 3240 Lucienus
845 3176 881 3238 de
898 3180 1056 3258 gymnasris.
1102 3183 1139 3248 Ο.

645 3355 844 3444 Libethris

293 3578 320 3620 v·
345 3551 477 3633 Virgilius
492 3552 551 3618 Ecl.
565 3553 629 3618 VII.
644 3577 672 3618 u.
695 3575 745 3624 21.
768 3557 931 3622 &adeum
951 3558 1074 3623 Servius.
1094 3561 1170 3625 Dein
1192 3563 1251 3627 Pu.

250 3658 314 3720 nius
336 3655 366 3719 L.
388 3653 437 3716 IV.
455 3671 480 3722 c.
501 3673 529 3730 9.
553 3654 655 3718 Strabo
675 3655 705 3719 L·
727 3657 768 3723 X.
793 3676 821 3735 p.
844 3675 913 3735 471.
942 3656 1022 3721 Mela
1047 3660 1079 3722 L.
1101 3659 1141 3726 11.
1169 3682 1195 3726 c.
1219 3681 1253 3739 ³·

251 3753 405 3818 &Solinus
427 3771 453 3816 c.
474 3771 522 3826 14.
541 3767 694 3817 Gnouov.
781 3755 825 3818 De
844 3757 926 3818 fonte
943 3760 971 3820 dc
987 3772 1085 3821 monte
1110 3759 1251 3822 Libethro

249 3857 345 3918 atium
364 3873 426 3933 pag.
450 3871 506 3932 231
521 3850 578 3930 seq.
608 3851 680 3914 Heic
700 3854 783 3916 restat
802 3855 1005 3934 inquirendum
1020 3859 1049 3918 in
1066 3857 1159 3934 iliud,
1195 3878 1254 3921 cur

249 3951 374 4014 Aetoliae
384 3951 577 4014 Libethridern
591 3967 720 4015 montem
731 3951 872 4018 adscribat
885 3955 1002 4032 Vibius,
1017 3975 1102 4034 quem
1121 3956 1252 4036 sequitur
