2830 4716
267 263 352 360 '184
523 281 704 342 uorsa
762 281 1071 342 usar-onum

265 438 408 504 Ptolemaei
425 438 566 514 rationes,
588 438 636 516 qui
653 437 681 500 L.
696 437 733 500 11.
757 457 784 504 c.
800 449 828 508 8.
848 439 885 500 ad
911 439 1060 518 Sequanae
1080 441 1148 504 onia
1164 441 1267 523 Absint

271 551 369 600 catuos
392 537 542 614 transferre
561 556 622 597 non
640 537 758 598 dubitat.
814 537 915 600 Simile
933 538 994 600 fere
1024 540 1093 602 huic
1115 557 1266 620 peccatum

267 635 412 698 Ammiani
430 634 593 697 Marcellini
606 633 663 705 est,
682 633 749 697 loco
769 635 805 696 ad
827 655 914 713 quem
938 637 1077 701 Hesselius
1102 656 1265 718 provocat,

265 755 349 816 prope
372 735 456 816 casim
481 733 650 814 Constantia,
694 733 782 795 hodie
811 733 962 794 Cantantes
989 755 1049 804 cum
1086 737 1220 798 Matrona
1239 740 1269 798 in

270 851 342 890 mare
351 827 436 910 fundi
451 829 601 894 afferentis.
646 830 765 893 Aethico
782 833 813 892 in
830 831 1052 912 cosmographia
1075 838 1103 898 ἃ
1125 836 1209 898 Nilus
1226 837 1269 898 di·

267 931 344 991 ¹citur
370 933 442 990 Geon
459 951 487 992 v.
509 949 572 1008 pag.
596 948 642 1005 31.
672 931 717 992 ed.
736 929 866 1006 simleri,
889 931 1005 994 &alius
1023 933 1148 1010 fluvius,
1182 953 1269 1012 quern

269 1027 344 1089 inter
361 1029 575 1092 Garumnam&
593 1028 772 1103 Bicorniurn,
791 1028 828 1090 irc
846 1027 895 1090 ille
907 1029 1043 1093 Rhenum
1064 1029 1128 1108 plus
1148 1031 1268 1108 simplici

268 1127 336 1188 sice
356 1124 471 1202 salutat,
491 1129 522 1188 in
535 1115 684 1190 Oceanum
702 1126 918 1198 occidentalem
941 1129 1064 1190 influere
1087 1144 1268 1210 meororatp.

274 1231 323 1285 16.
342 1238 403 1298 turn
422 1245 485 1304 pag.
512 1237 556 1296 18.
574 1225 687 1300 adjicit,
705 1244 818 1288 currere
838 1226 926 1288 millia
940 1226 1077 1293 000011.
1102 1230 1202 1306 Quum
1220 1251 1271 1293 au·

274 1333 334 1384 tem
352 1343 447 1402 neque
461 1326 566 1403 Ligeris
587 1343 680 1402 neque
701 1325 847 1402 Sequanae
863 1326 1038 1386 mentionem
1052 1327 1179 1402 injiciat,
1197 1328 1266 1390 Sinr·

270 1418 349 1483 lerus
365 1423 532 1486 alterutrum
549 1422 765 1502 intelligendum
786 1421 843 1483 effe
858 1426 934 1496 rede
953 1424 1098 1501 judicavit.
1131 1423 1266 1487 Tandem

270 1538 361 1596 uero,
383 1541 420 1582 ne
435 1524 547 1600 penitus
568 1521 693 1600 sospena
714 1521 786 1583 fides
810 1521 920 1583 Aethici
938 1522 1028 1596 foret,
1047 1520 1155 1604 ,valent
1176 1522 1269 1584 forus·

226 1629 230 1650 '
271 1617 422 1694 arefecit,
445 1621 692 1712 quiinclpnico
717 1621 843 1698 quodam
859 1621 946 1683 medii
967 1623 1031 1683 aevi
1060 1639 1166 1682 nomen
1196 1621 1267 1680 Gna

272 1713 419 1802 Sequanae
437 1720 535 1782 datum
561 1722 673 1798 reperit.
700 1739 726 1780 v.
749 1719 791 1795 Ej.
815 1718 946 1799 descript
966 1719 1038 1782 Gall.
1056 1739 1086 1798 p.
1111 1719 1268 1798 moliens

273 1811 363 1889 jamin
376 1815 542 1900 ,Tudelenirs
561 1820 592 1898 in
614 1817 759 1898 itinerario
776 1817 860 1898 Siban
878 1835 1026 1898 nuncupat
1041 1821 1208 1899 Sequanam.
1225 1817 1264 1902 O.

656 1947 883 2096 Spercheos

270 2192 334 2236 non
356 2179 505 2259 Sperchios.
520 2167 626 2242 vaic
644 2181 774 2244 Heinius
785 2182 820 2244 ad
836 2181 924 2244 Ovid.
938 2191 1007 2256 met.
1024 2181 1056 2262 L.
1070 2181 1093 2244 1.
1112 2201 1142 2244 ν.
1156 2201 1225 2262 579,

319 2273 485 2354 Tleffaliae)
505 2299 536 2340 ·v.
555 2280 669 2342 Servius
687 2281 813 2360 advirg.
832 2279 933 2362 Georg.
960 2279 990 2340 L.
1008 2277 1046 2342 II.
1065 2299 1092 2340 v.
1109 2291 1180 2357 487.
1215 2281 1269 2343 Lu·

274 2374 361 2436 tatius
372 2376 408 2436 od
421 2371 501 2440 Statii
511 2377 605 2440 Theb.
621 2379 651 2440 L.
668 2379 716 2441 lV.
737 2400 762 2442 v.
780 2381 890 2456 838.&
908 2378 945 2439 ad
958 2377 1059 2441 Achill.
1076 2377 1109 2440 L.
1122 2379 1146 2445 1.
1158 2400 1185 2440 v.
1197 2386 1268 2458 628.

274 2491 304 2536 v.
331 2477 359 2536 dc
387 2476 491 2538 Statius
522 2476 580 2556 lpse
603 2476 705 2555 Achill.
735 2479 767 2542 L.
793 2477 817 2543 1.
854 2497 883 2541 v.
912 2487 950 2552 98
976 2477 1004 2539 a
1029 2494 1098 2558 23¹7.
1129 2491 1268 2558 nasset..

319 2573 410 2652 Prope
436 2577 597 2655 Anticyram
617 2579 647 2637 in
665 2578 767 2639 intimo
785 2577 844 2646 lrnu
871 2575 996 2638 Maliaco
1013 2576 1044 2636 in
1070 2594 1149 2637 mare
1173 2575 1270 2637 exibat

272 2672 443 2750 Spercheos.
488 2678 647 2754 Antequam
664 2679 694 2740 in
710 2677 861 2739 Locridem
875 2674 1142 2754 perThermopylas
1163 2675 1273 2736 intrare
1406 2659 1407 2694 ³

271 2770 391 2848 liceret,
405 2774 591 2851 Spercheos,
614 2775 718 2854 Dyras,
745 2774 840 2851 lllelas
856 2777 883 2837 u
901 2773 1008 2854 Asopos
1019 2773 1165 2852 superandi
1176 2785 1269 2834 erant.

273 2889 304 2948 y.
323 2873 486 2934 Herodotus
506 2873 537 2935 L.
550 2874 614 2937 Vll.
632 2857 656 2936 c.
681 2885 747 2952 198.
772 2895 837 2950 199.
863 2892 933 2935 200.
954 2876 978 2935 A
1001 2870 1202 2951 Thermopylis
1228 2871 1267 2934 ad

274 2970 410 3046 Sperchei
431 2971 498 3032 ostia
521 2974 692 3036 maritimum
717 2975 769 3033 iter
784 2973 892 3033 'decern
914 2972 1003 3034 modo
1028 2972 1177 3043 stadiorum
1203 2969 1269 3033 luit.

273 3087 303 3131 ν.
323 3070 422 3130 Strabo
445 3071 597 3150 Lllhxp.
616 3085 685 3146 428.
718 3085 875 3132 sctron.
976 3069 1110 3147 Sperchei
1139 3076 1270 3143 nomen,

277 3170 354 3245 quod
374 3168 460 3230 hodie
477 3163 607 3244 obtinet,
629 3169 784 3252 Agriomela
800 3169 840 3230 cll
859 3169 935 3247 apud
951 3168 1087 3232 Brietium
1099 3169 1130 3230 in
1142 3166 1268 3246 parallel.
1406 3235 1407 3240 .

276 3266 312 3328 G.
331 3267 365 3329 V.
387 3272 414 3330 dc
437 3269 473 3332 N.
488 3267 519 3334 P.
539 3268 575 3330 11.
591 3289 621 3346 p.
637 3265 704 3346 365.
722 3269 769 3330 Sic
789 3272 815 3330 a
837 3268 998 3346 Sophianus
1012 3281 1119 3337 vocat,
1134 3267 1203 3328 telle
1216 3267 1273 3328 Or·

276 3364 354 3433 telio.
373 3366 507 3430 Theveto
522 3383 617 3430 tannen
631 3368 726 3427 Comen
739 3369 815 3443 dici,
832 3367 879 3429 hic
899 3368 1005 3444 adjicit.
1051 3367 1166 3429 Rectius
1177 3361 1271 3426 forsan
1406 3355 1407 3392 l

276 3468 306 3530 id
328 3486 435 3529 nomen
450 3468 485 3528 ad
501 3467 654 3549 Sperchion
671 3467 768 3529 locum
787 3466 858 3529 ostio
877 3467 1002 3529 fluminis
1022 3465 1190 3544 appositum,
1206 3461 1274 3524 Pto·
1406 3471 1407 3474 ’

276 3565 387 3628 lernaea
403 3565 434 3627 L.
450 3564 501 3627 111.
522 3585 547 3630 c.
571 3586 615 3643 13.
633 3566 780 3628 laudatum
796 3565 842 3628 vel
860 3565 896 3626 ad
912 3563 1054 3645 Sperchion
1079 3561 1161 3626 Plinii
1172 3561 1203 3624 L.
1219 3558 1271 3623 lv.

277 3686 303 3750 p.
322 3687 349 3746 7.
374 3666 510 3744 quadrare
525 3666 637 3726 dixeris.
678 3666 763 3727 Vicus
794 3664 849 3726 elle
869 3651 982 3726 videtur
1010 3664 1042 3722 in
1074 3659 1274 3740 promontorio

278 3763 397 3846 locatus.
413 3805 415 3808 -
440 3761 548 3822 Verum
566 3763 726 3846 Sophianus
737 3763 865 3823 Phthelia
881 3761 1018 3840 appellari
1031 3761 1124 3822 tradit.
1150 3760 1274 3821 Amnem

278 3861 445 3940 sperchium
462 3859 511 3922 suo
534 3880 605 3922 aevo
630 3860 785 3921 Salambria
807 3861 887 3924 fuille
910 3863 1017 3922 ditium
1035 3859 1069 3920 ls.
1090 3857 1216 3920 Tzetnes
1234 3871 1275 3917 te-

278 3946 396 4032 liatur,
436 3979 536 4024 verum
576 3959 658 4040 supra
695 3959 848 4042 Salasnpria
872 3959 1008 4038 appellari
1046 3958 1172 4020 Peneum
1203 3955 1276 4021 vidi.
