2830 4716
239 308 319 368 220
481 299 666 360 NOTAE
726 298 1041 361 VARIORUM

236 459 373 528 atedlocri
395 461 430 522 ab
447 457 582 522 Arethusa
604 455 755 521 intervallo
778 457 925 536 ingentem
942 479 1033 539 aquae
1050 455 1140 525 dhleir
1166 461 1234 523 son-¹

236 573 295 627 tem
309 561 445 640 reperiri,
463 579 499 621 err
518 557 665 638 profundo
685 557 755 618 mari
774 555 969 620 ebullientem.
1008 558 1110 620 Oculus
1125 560 1233 622 leicae
1269 567 1275 614 ἶ

237 659 351 740 (ocello
370 660 399 718 di
412 658 525 733 Zilica)
543 655 680 726 ab'aliia,
696 655 731 718 ab
748 654 808 717 aliis
827 655 951 738 Alpheus
976 657 1129 730 salutatur,
1148 679 1238 738 quem

237 759 332 821 subter
343 758 580 820 mediterraneum
595 774 673 818 mare
690 756 720 816 in
738 753 861 816 Siciliam
878 755 966 834 usque
980 757 1161 835 persecutum
1171 761 1241 821 Are.

237 856 349 920 thusam
368 855 496 918 referunt
510 855 622 920 Podtae.
646 853 722 915 Fons
738 853 806 928 iile,
826 856 970 918 veteribus
988 857 1123 938 ignotus,
1143 858 1240 920 forsan

237 953 376 1033 adipsum
393 953 546 1015 Arethusae
561 953 673 1014 sontem
691 954 830 1031 pertinet,
856 955 937 1030 cujus
956 975 1020 1033 pars
1036 956 1125 1018 videri
1139 957 1235 1035 polllt.

238 1053 371 1116 Ceterum
387 1051 431 1113 hin
454 1051 552 1117 similia
572 1051 604 1115 L.
618 1050 689 1114 Baro
709 1052 746 1112 de
762 1051 891 1114 Riedesel
910 1053 1101 1132 deprehendit
1117 1059 1143 1119 a
1159 1057 1239 1133 alibi,

238 1142 272 1216 ut
283 1171 374 1232 prope
395 1151 572 1226 Tarentum,
597 1169 687 1228 prope
703 1151 800 1227 bajas,
827 1171 915 1230 prope
942 1154 1084 1221 Genuam.
1112 1157 1238 1220 Demunt

239 1250 352 1314 &iilud
370 1250 545 1324 notandum,
568 1248 619 1311 sub
640 1249 786 1327 Alphei&
804 1249 958 1314 Arethusae
975 1254 1093 1314 nomine
1113 1255 1143 1315 in
1159 1275 1240 1333 gem.

117 1373 118 1376 ¹
238 1337 285 1412 ma
303 1351 425 1430 quadam
443 1349 530 1411 musei
552 1350 624 1426 regis
638 1348 746 1412 Galliae
766 1349 965 1428 repraesentari
989 1349 1190 1415 Germanicum
1208 1357 1239 1416 dt

238 1452 430 1530 Agrippinam.
475 1449 584 1512 Sistitur
611 1447 659 1510 illa
686 1449 763 1526 apud
783 1448 1046 1514 lllontesalconium
1080 1451 1111 1510 ln
1137 1452 1235 1530 Antiq.

239 1549 317 1627 eupl.
336 1549 371 1614 T.
389 1547 441 1612 ΙΙΙ.
462 1546 500 1609 Pl.
525 1546 588 1610 Vll.
612 1565 640 1610 2.
684 1546 769 1610 Porro
794 1546 922 1626 Alpheus
949 1550 979 1610 in
1000 1549 1150 1613 Arethusae
1170 1550 1240 1611 son·

238 1660 299 1713 tem
316 1643 435 1709 illabens
453 1664 602 1709 occurrere
624 1645 749 1708 creditur
771 1647 802 1707 in
820 1662 961 1722 marmore
988 1643 1122 1727 quodam
1139 1648 1240 1729 palatii

238 1746 414 1821 Farnesrani,
435 1745 513 1829 quod
526 1746 662 1820 juvenem
684 1745 818 1820 exhibet,
841 1748 888 1824 qui
906 1750 981 1812 resta
1005 1747 1062 1812 sese
1093 1769 1144 1830 per
1177 1749 1240 1816 del.

239 1844 359 1928 phinem
378 1845 483 1920 trajicit
509 1843 626 1922 &quasi
643 1843 791 1920 jaculatur.
826 1845 985 1926 Imaginem
999 1848 1153 1912 Arethusae
1175 1871 1238 1933 cer-¹

241 1965 311 2008 uere
330 1947 411 2006 datur
426 1944 502 2021 apud
521 1941 700 2007 Gronovium
718 1944 747 2004 in
768 1941 837 2010 thes.
857 1945 952 2028 Antiq.
982 1947 1083 2010 Graec.
1113 1947 1176 2034 lul.
1200 1949 1239 2015 Π.

240 2046 310 2108 item
331 2046 361 2105 in
376 2043 511 2120 Lippertii
527 2041 742 2122 Dactyliotheca
758 2041 833 2104 Mill.
852 2041 889 2106 ΙΙ.
909 2064 937 2105 n.
956 2064 1005 2122 94.
1031 2046 1088 2122 Qui
1105 2046 1186 2125 plura
1201 2049 1240 2114 de

228 2142 378 2224 ¹Arethusa
397 2140 475 2205 nolle
499 2141 654 2216 desiderat,
686 2142 710 2208 ia
738 2140 903 2204 Cluverlum
929 2143 1007 2205 adire
1029 2147 1154 2222 poterit,
1189 2147 1238 2224 qui
1269 2140 1282 2194 s

241 2243 298 2306 Sic.
314 2254 372 2302 ant.
390 2241 421 2302 L.
440 2240 462 2302 Ι.
482 2260 507 2305 c.
528 2257 574 2301 12.
604 2259 640 2300 err
660 2239 855 2320 frequentibus
878 2254 1007 2307 veterum
1035 2241 1107 2305 locis
1133 2243 1240 2321 docet,

240 2340 272 2410 in
296 2339 415 2420 Ortygia
429 2337 518 2400 insula
540 2335 677 2400 ebulliisse
700 2339 829 2418 sontem,
855 2341 902 2418 qui
925 2343 1056 2420 protinus
1071 2341 1192 2406 fluvium
1206 2345 1239 2409 in

243 2458 322 2501 mare
344 2437 490 2499 emittebat
502 2461 513 2515 ¹3
552 2435 634 2504 suillo
667 2437 823 2501 nitidissimi
851 2441 878 2503 dt
910 2437 1048 2519 perlucidi
1084 2441 1120 2502 ad
1150 2442 1243 2506 imum

242 2539 349 2618 stagni,
372 2557 460 2624 aquae
477 2535 586 2612 dulcis,
603 2535 796 2615 pleniffimum
816 2537 955 2623 piscium,
993 2540 1042 2617 qui
1063 2537 1131 2603 sacri
1155 2539 1241 2604 habe·

243 2637 365 2712 bantur,
390 2639 482 2712 adeo,
506 2652 538 2698 ut
553 2637 572 2697 st
588 2638 650 2716 quis
672 2629 703 2696 in
727 2637 784 2699 cibi
801 2637 885 2699 usum
907 2656 957 2699 eos
976 2653 1085 2700 vertere
1106 2634 1174 2701 esset
1191 2659 1240 2704 au.-

242 2733 306 2814 sut,
325 2737 499 2799 manifestam
513 2737 640 2799 numinis
650 2736 730 2796 iram
749 2734 873 2799 sentiret
919 2737 1006 2800 Porro
1018 2735 1155 2813 plurimos
1176 2736 1238 2813 quiz

242 2838 310 2905 dem
329 2851 459 2902 veterum
482 2836 592 2898 tradere
613 2835 736 2898 ostendit

574 2935 707 3018 Alpheum
730 2979 739 3000 .
760 2979 767 2996 .
792 2981 799 2995 .
822 2934 896 3008 lruc,
919 2931 1013 2993 Elidis
1036 2953 1157 3009 amnem,

370 3033 500 3096 ecculm
523 3029 599 3117 egiffe
621 3034 683 3095 uias
701 3027 799 3108 subter
817 3053 888 3092 mare
910 3076 918 3095 .
943 3073 952 3091 .
974 3076 982 3093 .

245 3139 274 3198 ἀ
293 3132 458 3199 Arethusam
482 3133 577 3194 secisse
594 3131 727 3206 fontem,
756 3129 817 3192 aliis
838 3144 938 3192 contra
959 3127 1088 3208 placere,
1103 3147 1163 3190 non
1178 3127 1243 3204 sub·

244 3246 288 3296 ter
304 3230 352 3302 sed
371 3230 454 3309 super
473 3249 550 3294 mare
564 3229 705 3308 Alpheum
721 3230 811 3291 fluere
830 3231 869 3291 ad
882 3229 1032 3308 Ortygiam
1046 3228 1153 3308 usque;
1168 3227 1240 3304 aliis,

244 3333 276 3394 ln
294 3329 387 3394 Sicilia
405 3329 479 3392 nasci
499 3329 665 3392 Arethusam
685 3332 713 3392 dt
737 3329 864 3390 venienti
885 3329 975 3391 fluvio
993 3347 1151 3390 occurrere.
1186 3327 1260 3388 Pri..

246 3450 310 3493 mae
326 3429 368 3491 isti
387 3427 590 3508 vulgatissimae
607 3427 677 3491 olim
691 3429 821 3507 opinioni
837 3426 925 3490 robur
943 3426 1103 3490 conciliasse
1118 3425 1243 3490 fabulam

246 3548 282 3592 ex
300 3527 439 3593 Strabone
462 3525 571 3604 narrat,
600 3549 656 3607 qua
682 3544 829 3607 pateram,
867 3527 944 3605 apud
963 3526 1129 3607 Olympiam
1149 3528 1179 3588 in
1198 3525 1246 3588 Al·

215 3634 219 3643 ‘
245 3625 353 3708 pheum
375 3627 552 3711 prolapsam,
576 3628 614 3688 ad
629 3627 740 3690 sontem
762 3625 930 3690 Arethusam
946 3626 1028 3688 fuisse
1047 3626 1171 3688 delatam
1182 3645 1247 3704 per·

244 3727 399 3802 bibebant3
423 3729 492 3804 quin
510 3729 538 3788 dr
557 3726 641 3802 ipsius
655 3725 788 3803 Delphici
803 3724 942 3803 Apollinis
959 3745 1032 3792 uoce
1047 3726 1170 3787 eandem
1184 3723 1248 3785 sen-

244 3829 363 3890 tentiam
384 3825 531 3888 stabilitam
549 3824 605 3886 esse
623 3824 768 3887 Pausanias
790 3824 916 3886 tradidit.
962 3824 1044 3898 „Est
1061 3825 1138 3884 enim
1159 3841 1247 3884 omne
1307 3869 1314 3882 .

245 3969 266 4002 „
289 3924 364 3998 hoc,
388 3927 425 3986 ita
442 3943 528 4001 porro
549 3923 715 4000 Cluverius,
740 3925 777 3986 de
803 3922 914 4002 Alpheo
939 3925 967 3984 dt
1001 3922 1135 3986 Arethusa
1160 3941 1249 4002 nego-
