2830 4716
122 3987 129 4041 l

255 321 345 386 aro
427 413 431 423 1
487 300 671 376 ΝοτΑε
728 309 1047 378 viltronum

148 513 152 520 ·
264 481 385 553 redum,
403 469 470 538 alias
494 475 630 538 Eurotam
651 471 809 536 salutatum.
833 473 919 552 apud
936 472 1067 562 'Plinium
1088 467 1201 559 quoque
1225 480 1261 548 L

253 583 314 648 qv,
340 599 366 642 c.
382 589 411 651 3.
435 575 556 636 Eurotou
575 574 700 638 credidit
722 573 876 652 legendum
898 573 1054 652 Barbarum
1079 577 1128 639 sed
1144 580 1266 644 Haedui-

261 701 303 744 no
324 677 393 741 teile
414 673 572 751 inscriptis
595 671 675 734 libris
696 672 736 733 eli
757 673 864 746 Ort-ou,
893 685 926 734 ut
940 675 1064 752 proinde
1084 691 1201 754 pateat,
1227 701 1265 743 ex

263 801 322 860 quo
344 779 425 840 fonte
440 775 471 834 in
488 771 605 835 Vibium
629 772 659 832 id
678 791 787 832 nomen
801 771 931 834 manarit.
950 772 1043 836 Simul
1059 777 1147 839 credo
1168 797 1204 840 ex
1218 779 1267 840 Vi·

262 881 312 942 bio
335 873 461 937 roborari
478 871 559 934 istam
577 871 733 932 lectionem
749 869 849 944 Plinii,
874 890 961 948 quam
977 875 1097 952 antiquo
1111 877 1172 952 jam
1192 877 1267 940 obti-

261 974 351 1039 nuiffe
368 991 441 1036 aeuo
458 985 546 1049 patet.
579 970 666 1032 Unde
685 973 762 1031 reue
783 969 822 1032 fio
843 968 965 1050 legitur:
986 973 1117 1037 Peneus.
1146 1021 1154 1038 .
1187 979 1264 1036 arci-

256 1076 302 1162 pit
315 1091 417 1133 anuum
445 1069 552 1146 Ortou,
579 1067 760 1149 intercepit,
781 1062 835 1142 sed
856 1068 909 1130 olei
926 1072 1004 1131 ruodo
1024 1067 1263 1154 summittentem,

261 1191 293 1234 ut
312 1169 459 1250 ditiumesl
483 1169 616 1243 nomem,
637 1167 711 1227 breui
726 1162 819 1248 spretio
836 1185 975 1248 portatum
1001 1170 1138 1231 abdicat:
1162 1196 1267 1255 poena·

260 1273 303 1332 let
320 1290 408 1351 aquas
430 1261 545 1346 dirisque
571 1265 709 1350 genitas,
742 1266 876 1348 argenteis
905 1262 965 1342 suis
995 1265 1100 1343 misceri
1126 1267 1264 1348 recufizus.

260 1367 411 1433 Diversum
425 1365 461 1428 ab
477 1365 581 1427 Eurota
598 1363 716 1426 fluvium
729 1363 884 1442 perhibent
903 1366 1063 1445 Geograplri
1087 1373 1265 1434 recentiores

261 1466 430 1532 Titaresum.
453 1464 489 1527 ln
507 1463 551 1526 his
563 1463 739 1525 D’llnvillius
760 1463 838 1526 hunc
856 1461 944 1543 longe
956 1465 1074 1530 inferius
1091 1467 1122 1528 in
1131 1467 1264 1541 Peneum

261 1569 438 1630 incidentem
454 1563 537 1640 sistit,
562 1583 648 1641 quam
667 1563 762 1629 istum.
797 1561 903 1624 Forsan
924 1565 1052 1628 nominis
1074 1566 1181 1644 antiqui
1197 1588 1266 1630 um-

262 1667 314 1730 bra
343 1664 485 1744 quaedam
504 1664 587 1724 reiiat
610 1663 641 1722 in
662 1662 830 1736 hodierno,
852 1662 925 1724 ntihi
950 1665 1061 1742 ignoto.
1103 1664 1267 1728 Titareffon

260 1765 363 1830 urbem
382 1764 532 1826 Armeniae
563 1761 682 1824 minoris
708 1762 741 1822 in
767 1760 910 1824 Melitene
937 1766 1054 1843 reponit
1085 1763 1267 1830 Ptolemaeus

258 1865 292 1930 Li
312 1864 347 1929 V·
370 1883 396 1927 C·
417 1881 446 1942 7·
488 1861 527 1930 00

645 2025 864 2114 Vulturnus

305 2230 458 2294 Casilinum
481 2225 564 2306 supra
585 2223 697 2288 dixerat
714 2207 816 2289 noster.
840 2245 868 2290 v.
884 2243 914 2304 p·
933 2236 962 2298 8.
985 2225 1023 2288 cf.
1045 2243 1073 2304 p.
1093 2242 1142 2306 97.
1169 2226 1264 2290 Maxi-

253 2351 326 2426 'mus
344 2327 516 2405 Campaniae
533 2325 636 2388 fluvius
656 2324 695 2386 est
716 2324 873 2389 Vulturnus
891 2327 968 2400 fite,
990 2339 1023 2388 ut
1043 2326 1133 2388 Varro
1150 2328 1186 2389 de
1202 2327 1258 2390 LL.

261 2431 295 2496 L.
316 2430 364 2493 IV.
386 2426 488 2502 effert,
510 2425 686 2499 Volturnus,
709 2423 855 2504 hodieque
869 2424 961 2504 prisco
992 2427 1112 2486 nomine
1133 2425 1256 2506 infignis.
1290 2489 1292 2494 ,

225 2529 412 2623 ··91uverius
434 2524 563 2591 ltalant
586 2524 618 2588 L.
641 2523 689 2586 lv.
716 2543 742 2586 c.
769 2543 797 2588 a.
833 2544 870 2586 ex
886 2523 1015 2605 pluribus
1036 2538 1166 2588 veterum
1190 2526 1262 2588 locis

165 2653 167 2657 ·
261 2630 336 2712 inter
352 2625 380 2688 se
398 2624 527 2701 collatis,
551 2625 708 2703 genuinum
728 2625 806 2702 prius
826 2643 1052 2704 germanumque
1074 2626 1152 2704 apud
1178 2646 1264 2688 acco·

254 2728 303 2802 ‚las
323 2729 415 2790 amnis
437 2744 545 2788 nomen
562 2723 647 2786 fuiile
661 2716 925 2798 censet'lnrtvptroa,
949 2742 987 2784 ex
1011 2743 1069 2800 quo
1086 2723 1181 2802 postea
1203 2723 1264 2786 Ro.

262 2829 340 2890 mani
361 2826 483 2890 fecerint
500 2823 680 2892 Volturnus,
709 2841 743 2883 ac
760 2821 876 2884 tandem
894 2821 1063 2887 Vulturnus.
1108 2821 1259 2899 Oppidum

262 2926 439 2990 Vulturnrun
453 2925 549 2988 Livius
570 2923 604 2988 L.
621 2921 718 3006 XXV.
741 2941 766 2984 c.
791 2920 1001 2985 aucmentum
1019 2935 1105 2984 vocat
1114 2921 1155 2982 ad
1166 2920 1262 2983 flumi-

259 3029 307 3092 nis
330 3026 432 3089 oliium
452 3023 588 3090 locutum.
610 3024 702 3098 Atque
722 3019 768 3080 vel
790 3038 869 3083 nunc
887 3018 976 3100 Cilici
994 3021 1024 3078 di
1044 3018 1171 3079 Volturno
1192 3019 1258 3080 item

256 3123 377 3212 v(bustello
398 3145 416 3181 a
435 3124 540 3183 mardi
560 3121 689 3184 Volturno
711 3117 855 3184 salutatur.
902 3118 990 3194 Juxta
1013 3117 1147 3182 Puteolos
1179 3120 1263 3198 oppi

264 3225 336 3286 dum
351 3222 421 3284 dicit
438 3220 530 3284 noster
551 3219 725 3284 Vulturnum
745 3219 907 3298 oppidum,
927 3217 993 3282 ¹satis
1012 3217 1078 3282 late.
1105 3218 1199 3280 ‘Inter
1221 3219 1263 3282 si-

256 3315 390 3386 ‘nueliam
407 3324 434 3383 tr
453 3321 557 3383 Cumas
576 3318 626 3381 vel
646 3318 780 3381 Puteolos
804 3335 911 3380 novam
936 3319 1012 3380 viam
1038 3316 1136 3380 stravit
1160 3315 1263 3378 Domi-

262 3425 356 3488 tianus
375 3422 449 3500 Imp.
470 3440 556 3498 quam
571 3420 675 3480 Statius
707 3419 738 3482 i.
752 3415 802 3479 lv.
829 3416 956 3478 carmine
977 3435 1004 3494 3.
1029 3414 1198 3504 celebravit,
1224 3412 1263 3484 sq·

253 3525 381 3610 ‚mulque
406 3535 527 3601 pontem
558 3539 625 3582 cum
653 3537 721 3580 areu
750 3513 915 3592 triumphali
942 3519 975 3576 in
999 3511 1143 3578 Vulturno
1171 3511 1264 3576 fluvio

261 3623 369 3688 struxit.
412 3621 489 3685 Hinc
505 3617 647 3698 eleganter
665 3616 769 3680 Statius
791 3615 810 3676 l.
832 3633 857 3674 c.

386 3746 450 3814 At,
464 3751 677 3823 flauumtaput
702 3738 889 3816 humidamque
911 3734 970 3800 late

388 3843 490 3904 crinem
514 3838 639 3900 mollibus
663 3837 810 3918 impeditus
832 3833 939 3909 ulmis,

392 3939 543 4005 Vulturnus
569 3937 644 3998 leuat
673 3955 743 4006 ora;
770 3933 937 4014 maximoque

387 4038 484 4103 Pontis
509 4032 630 4113 Caefirrti
658 4033 767 4100 reclivis
801 4051 867 4096 utcu
