2836 4718
433 332 505 392 an
563 331 790 394 Mourus
1065 345 1146 428 309

271 489 348 552 Hinc
374 489 471 564 Tibur,
505 487 626 558 Catille,
650 507 736 556 tuum.

139 591 239 656 bic&
268 591 372 654 Statius
395 587 463 650 Silv.
492 586 526 652 L.
550 586 574 653 L
602 607 690 652 carm.
716 607 742 665 3.
785 609 812 652 v.
846 605 915 658 100.
952 592 1051 656 Sic&
1094 595 1145 658 alii

142 689 230 752 Mart
251 687 413 764 Capella&
436 683 558 748 Solinus.
593 686 701 748 Verum
721 687 765 748 isti
791 707 892 750 omnes
916 691 952 752 de
974 692 1142 770 Amphiarai

143 787 225 861 lilio,
252 785 367 848 Tiburis
393 784 563 859 conditore,
587 783 761 862 loquuntur;
796 799 926 849 montem
949 807 1036 851 nemo
1056 795 1145 870 tangit

141 899 253 964 praeter
269 885 419 955 Servium,
437 901 473 943 ex
495 901 553 960 quo
575 884 758 962 transscripsrt
789 887 898 960 noster,
934 901 966 950 ut
993 909 1029 950 ex
1049 892 1142 954 nostru

140 985 312 1046 noceamus:
342 981 462 1041 Catillus
477 982 602 1062 montes!
622 1003 706 1062 prope
737 983 856 1043 Tiburim
880 985 1016 1045 civitatem
1041 989 1141 1047 Romae

141 1083 258 1144 vicinam
274 1105 293 1142 a
311 1081 412 1140 Catillo
422 1073 513 1160 fratre
532 1081 635 1139 Tiburti
658 1083 803 1141 conditoris
825 1082 929 1142 Tiburis
947 1086 1140 1150 demembratus.

140 1183 256 1246 Servius
282 1179 411 1240 Catillum
439 1193 569 1242 montem
595 1178 728 1246 catellum
747 1199 862 1260 quoquo
888 1181 997 1248 ditium
1025 1182 1139 1260 scribier

50 1297 52 1303 ·
110 1334 113 1340 ,
143 1281 269 1353 Ortelius
303 1299 382 1344 nunc
408 1277 517 1344 Catelli.
563 1278 600 1345 Ο.

566 1442 697 1529 Coras

153 1699 156 1706 .
182 1644 327 1723 Deceptus
352 1642 401 1706 bic
416 1640 489 1706 milri
508 1640 622 1703 videtur
645 1641 756 1708 Vibius.
794 1641 892 1719 Quum
917 1627 1028 1706 vidillet
1051 1619 1139 1717 baril-1

140 1741 201 1810 lum
229 1747 257 1806 dt
283 1761 391 1810 nomen
418 1741 574 1807 conditoris
598 1739 653 1802 effe
674 1741 788 1804 Tiburis
818 1744 845 1804 dt
879 1743 985 1805 montis
1006 1743 1137 1820 ibidem,

142 1841 179 1903 de
200 1841 273 1904 Cora
292 1841 378 1904 fratte
395 1839 489 1906 Catilli
506 1839 584 1902 idem
605 1839 829 1918 praedicandum
848 1839 998 1904 arbitratus
1015 1843 1064 1904 est.
1091 1842 1140 1904 Ast

141 1940 256 2004 Servius
276 1939 338 2018 post
353 1938 440 2005 verba
456 1957 526 2002 mox
547 1939 633 2006 citata
648 1952 760 2004 tantum
782 1939 900 2014 adjicit:
930 1939 1038 2015 Coras)
1055 1963 1074 2004 a
1090 1960 1140 1999 cu«

139 2043 186 2127 jus
203 2039 304 2100 nomine
321 2039 355 2119 est
374 2036 474 2104 civitas
496 2036 524 2096 in
545 2036 641 2100 ltalia.
677 2036 799 2101 Aliunde
821 2056 936 2116 quoque
968 2037 1138 2115 praesidium

141 2138 286 2218 quoddam
301 2137 439 2214 Sequestri
460 2135 560 2198 frustra
583 2135 760 2214 quaefiveris.
800 2135 887 2197 Auxit
910 2153 1036 2196 errorem
1066 2135 1139 2196 Bne-

140 2238 255 2311 caciu8‚
279 2237 328 2313 qui
347 2235 402 2298 stc:
429 2237 517 2298 Corax
536 2255 610 2293 mons
631 2236 666 2316 esi
684 2258 736 2294 rron
763 2234 840 2316 longe
864 2234 972 2310 Tiburi,
1002 2258 1021 2293 a
1039 2233 1139 2298 Corace
1217 2299 1218 2303 Ἰ

130 2332 222 2416 fratre
251 2335 353 2394 Tiburti
375 2333 518 2394 conditoris
539 2332 643 2391 Tiburis
664 2333 757 2394 didus.
801 2332 904 2412 Neque
929 2331 977 2396 hic
999 2332 1138 2398 mendum

137 2432 246 2506 subelle
260 2433 452 2506 crediderim3
475 2431 614 2510 srquidem
638 2433 727 2491 Corax
751 2433 828 2508 apud
847 2431 941 2509 ipsum
964 2432 1132 2508 praecedit,

138 2551 223 2595 mons
238 2531 373 2594 Aetoliae.
408 2530 478 2596 Cora
493 2528 560 2597 urbs
580 2528 700 2603 ltaliae,
733 2532 815 2604 cujus
840 2530 974 2590 meminit
996 2530 1134 2602 Servius,

137 2631 270 2710 proxima
293 2630 348 2690 fuit
364 2627 476 2690 Velitris
500 2630 527 2690 ἃ
549 2621 636 2688 hodie
658 2628 761 2688 eodem
786 2629 903 2690 nomine
929 2627 1017 2692 venit.
1067 2627 1135 2702 Ejus

137 2728 271 2791 meminit
291 2727 387 2791 Livius
413 2725 444 2787 L.
461 2725 498 2788 ΙΙ.
520 2745 545 2787 c.
568 2736 611 2789 16,
639 2725 722 2784 Duae
738 2725 856 2789 coloniae
875 2727 1010 2800 Latinae,
1041 2726 1156 2789 Fame-⁴
1198 2739 1204 2754 ³

137 2827 178 2898 tia
200 2827 227 2888 δ’
249 2826 338 2896 Cora,
360 2826 399 2884 ad
411 2826 553 2888 Auruncos
575 2820 710 2904 deficiunt.
745 2823 844 2886 Pallan
864 2827 892 2888 di
916 2825 1027 2888 Poetae.
1075 2823 1133 2884 De-

54 2985 56 2992 ,
136 2946 220 2988 mum
246 2925 329 2984 Coras
350 2943 463 3002 quoque
487 2923 559 2988 urbs
584 2922 782 3000 Cappadociae
806 2925 920 3002 extitit,
959 2923 1028 2989 teste
1058 2922 1133 2985 Con-

136 3023 261 3094 stantino
285 3022 562 3110 Porphyrogenneta.
608 3021 646 3084 O.
770 3089 775 3100 ν

547 3186 724 3300 Cinyrus

178 3386 264 3448 Deest
285 3385 332 3447 hic
354 3385 487 3448 articulus
517 3385 595 3465 apud
623 3385 813 3460 Boccacium;
847 3386 878 3446 in
901 3404 937 3448 eo
961 3401 1058 3448 tamen
1077 3385 1131 3446 ser.

137 3483 234 3547 vando
257 3483 418 3562 conspirant
437 3486 551 3547 codices
570 3483 692 3547 Vibiani.
739 3485 856 3546 interim
878 3483 968 3547 solum
998 3485 1045 3546 hie
1068 3483 1144 3544 reli·-

136 3585 216 3644 s‘ium
240 3583 326 3642 video
351 3585 486 3646 nostrum.
540 3585 661 3662 Neque,
685 3583 763 3646 unde
791 3583 933 3656 hauserit,
966 3605 1044 3647 nunc
1071 3582 1130 3645 ullo

136 3682 227 3743 modo
249 3679 395 3747 succurrit.
433 3685 554 3764 Cinyrem
574 3703 670 3762 regem
704 3679 790 3762 Cypri
816 3681 902 3744 habet
928 3683 1071 3745 Homerus
1098 3681 1131 3742 ll.
1174 3693 1177 3699 ’

135 3779 168 3840 L.
189 3778 250 3842 XL·
266 3799 293 3842 v.
319 3799 367 3850 20.
404 3780 509 3842 Urbem
532 3782 593 3860 ejus
621 3781 727 3853 insulae
752 3782 888 3862 Cinyriam
913 3781 1016 3842 Plinius
1043 3781 1074 3842 L.
1093 3780 1127 3839 V.

137 3899 161 3940 c.
184 3897 229 3956 3¹·
251 3879 372 3965 eandem
393 3878 511 3955 Kudpruu
531 3879 613 3942 effert
634 3883 758 3943 Nonnus
774 3882 803 3941 io
818 3877 932 3957 Dionys.
956 3879 987 3944 L.
1004 3877 1085 3940 Xlll.
1101 3898 1128 3940 v.

139 3995 210 4052 451.
233 3977 330 4054 Quid,
349 3977 368 4038 sr
387 3977 507 4055 Cinyrus
524 4000 639 4058 quoque
660 3981 747 4058 Cypri
775 3998 858 4041 mons
883 3979 938 4040 fuit
962 3977 1057 4042 olim?
1092 3977 1130 4040 O.

679 4087 743 4166 U3
945 4099 950 4112 ‘

907 4227 914 4274 l
