2780 4712
294 343 296 350 ·
418 314 511 380 ΑΠ’
550 313 810 380 FLUMINA
1059 311 1116 418 7'7

111 481 201 560 apud
216 473 389 543 Beecaciu'm
407 476 463 540 stc:
485 475 590 558 Artr'ger
607 469 658 550 fite
676 475 792 560 Antiger
811 477 857 538 aas
877 477 990 564 Anager
1007 485 1114 562 fluuius

110 582 149 663 est
173 573 337 654 Tlreffaliar,
361 575 391 635 in
406 595 457 656 quo
481 619 488 636 .
512 619 520 636 .
544 619 552 636 .
576 573 680 637 Savaro
700 576 738 638 ad
757 577 868 639 Sidonii
885 598 971 642 carni.
999 583 1064 648 XV.
1082 605 1111 652 v,

112 675 322 758 142.Aviger.
349 687 486 742 nassau,
571 671 633 734 Ima
661 692 725 752 pars
742 674 831 743 Elidit
855 676 885 736 in
912 677 1114 758 ‚Peloponneso

109 777 190 838 dieu
205 769 371 853 Triphylia,
393 773 474 848 cujus
493 770 633 849 oppidum
652 791 718 834 aree
738 769 905 837 instru'elum
918 776 1030 841 Arenen
1053 782 1114 847 Ho-

107 893 208 960 merus
224 871 307 940 Iliad.
326 873 358 936 1„
377 871 446 934 XII.
465 891 494 932 v.
509 889 578 948 72¹·
600 869 719 946 laudat,
741 891 835 951 prope
853 874 932 951 quod
959 875 1115 958 Minyeiam

108 975 221 1038 flumen
239 973 271 1032 in
283 983 361 1034 mare
376 973 527 1034 decurrere
542 965 647 1030 scribit.

256 1058 257 1062 ἵ
276 1065 326 1132 der
347 1068 411 1130 liert
430 1064 535 1140 ποῖφμὶς
563 1062 681 1130 Mrwaiiod
701 1071 734 1130 tir
750 1059 805 1128 ἶλαι
824 1065 943 1142 βώλων,

278 1162 395 1236 'Eysv'irr
416 1164 511 1241 ’Apim
532 1209 540 1226 .
565 1211 573 1225 .
596 1205 604 1225 a

109 1271 226 1332 stenen
253 1264 374 1328 Homeri
395 1261 489 1330 forsan
504 1263 649 1326 Samicum
676 1261 731 1324 esse
752 1265 783 1325 ia
809 1283 858 1328 ora
883 1266 1014 1334 suurn&
1047 1266 1113 1336 risi·

111 1368 205 1450 qiam
219 1365 341 1428 fluvium
363 1364 460 1442 polica
481 1361 589 1424 dissum
605 1362 738 1444 Anigrum
759 1364 845 1424 tradit
867 1365 968 1428 Strabo
986 1367 1017 1431 L.
1031 1369 1111 1440 vul.

110 1487 142 1545 p.
167 1471 234 1542 346.
278 1462 365 1524 rlddit
389 1461 554 1524 &antrum
586 1460 787 1538 Nympharum
811 1464 995 1540 Anigtiadum
1021 1488 1114 1550 prope

109 1563 193 1626 fuisse
209 1565 237 1624 ἃ
254 1561 388 1640 Anigrurn
404 1559 587 1637 profundum
597 1559 829 1640 [regnantemque
840 1561 912 1639 elle,
924 1565 963 1627 ita
976 1580 1008 1629 ut
1021 1569 1112 1646 pisces

110 1662 168 1724 esui
189 1660 390 1722 incommodos
402 1659 516 1720 reddat.
562 1658 649 1733 Cujus
666 1658 707 1718 rei
721 1658 867 1739 duplicem
894 1663 1016 1727 caussam
1035 1685 1052 1727 e
1070 1669 1112 1731 fa·

110 1759 187 1822 bulis
205 1759 307 1820 adferri
324 1757 425 1831 ducet,
449 1755 497 1820 vel
514 1758 593 1834 quod
612 1757 821 1822 Centaurorum
849 1763 1003 1840 nonnulli,
1036 1753 1116 1844 quos¹

110 1857 251 1924 Hercules
268 1857 483 1932 vulneraverat,
505 1856 546 1918 ibi
572 1857 681 1934 hydrae
702 1875 847 1920 venenum
872 1858 1032 1939 abluerint,
1062 1867 1111 1928 uel
1235 1926 1240 1940 ,

111 1958 193 2038 quod
208 1956 368 2034 Melampus
389 1956 426 2018 ad
440 1955 595 2017 lustrandas
610 1955 755 2018 Proetides
777 1975 811 2018 ea
832 1957 919 2020 fuerit
935 1979 1007 2038 aqua
1033 1963 1108 2028 usus.

109 2057 229 2136 Repetit
247 2056 393 2120 Strabonis
413 2056 576 2116 domnam
593 2053 740 2150 Pausanias
759 2053 918 2118 Eliacorum
933 2059 1027 2136 primo
1044 2081 1108 2142 cap.

114 2177 140 2231 ς.
167 2169 255 2232 atque
275 2167 381 2216 tetrorn
396 2153 480 2216 istum
497 2155 618 2214 odorem
642 2155 746 2216 rectius
763 2173 780 2214 e
799 2167 893 2232 terra,
916 2157 994 2218 unde
1008 2161 1110 2238 effluit,

109 2274 213 2334 aquam
229 2255 359 2331 recipere
370 2253 489 2328 adjicit,
512 2255 590 2330 quod
612 2253 738 2314 idem&
762 2251 844 2331 supra
871 2253 986 2328 Joniarn
1013 2258 1111 2322 obser.

108 2369 202 2419 uetur.
245 2355 377 2435 Anigrum
394 2371 480 2430 porro
499 2370 515 2411 e
536 2352 657 2432 Lapirha
671 2351 807 2413 Arcadiae
835 2356 943 2414 monte
957 2355 1108 2420 decurrere

111 2454 276 2515 testatur'ac
291 2452 383 2512 statim
402 2470 419 2513 a
435 2450 516 2512 fonte
533 2451 655 2528 graviter
668 2449 755 2512 olere.
798 2449 931 2531 Denique
946 2453 1109 2517 Minterium

109 2569 226 2629 quoque
240 2549 377 2629 Minyium
398 2549 525 2610 nostrum
547 2547 596 2611 vel
606 2547 739 2631 Anigrum
761 2547 1039 2629 apellatumfuilse,
1054 2577 1108 2620 au·

108 2653 173 2712 dior
196 2647 235 2708 est
247 2646 348 2710 Strabo
369 2646 402 2709 L.
423 2645 501 2712 VIII.
517 2667 547 2724 p.
568 2665 636 2722 347.
654 2649 736 2732 cujus
751 2648 876 2710 nominis
897 2649 989 2712 caussa
1010 2653 1107 2718 forsan

106 2749 138 2808 in
162 2748 258 2808 vicino
279 2761 401 2820 monte,
425 2764 510 2824 quern
529 2745 654 2804 Mintherr
680 2765 744 2824 pag.
781 2765 848 2823 344
886 2761 992 2818 vocat,
1021 2771 1107 2829 quae.

108 2849 217 2922 tenda,
240 2847 289 2906 etfr
312 2845 453 2906 scribendi
474 2845 566 2906 forma
582 2841 660 2904 haud
679 2843 791 2920 prorsus
814 2847 977 2911 conveniat.
1018 2847 1107 2910 Intel-

104 2945 171 3026 ligis
191 2963 229 3006 ex
249 2943 347 3018 dietis,
366 2943 500 3021 quibat,
521 2960 553 3006 ut
574 2941 754 3004 Dioscorides
776 2941 852 3004 Elidi
878 2941 1017 3007 adscribat
1037 2948 1106 3015 alni,

106 3066 201 3126 grum.
246 3041 405 3106 Thessaliae
426 3063 477 3105 our
497 3043 602 3105 tribuat
630 3042 806 3116 Bnecacius,
836 3041 943 3120 accipe.
1001 3045 1107 3106 Orcho«

105 3164 200 3206 morus
225 3141 382 3206 Thessaliae
402 3142 505 3204 fluvius
519 3145 545 3204 cr
560 3141 619 3218 ipse
635 3141 748 3222 Minyei
765 3141 882 3202 nomine
896 3142 998 3214 venit,
1013 3143 1104 3208 Plinio

103 3247 176 3308 teste
191 3243 224 3309 b.
240 3241 289 3306 IV.
303 3262 329 3304 c.
347 3254 377 3312 8.
399 3243 436 3304 ad
458 3259 544 3319 quern
564 3241 662 3302 locum
687 3239 850 3301 Harduinus
875 3240 995 3302 Homeri
1016 3243 1104 3307 verba

102 3342 236 3423 superius
250 3339 336 3402 relata
352 3341 442 3403 Inrita
455 3339 551 3405 trahit.
598 3340 685 3401 Illum
701 3335 956 3420 tameallsinyeom
969 3341 1105 3407 BoeotIae

102 3440 258 3506 vindicant
276 3437 331 3500 alii.
377 3439 523 3516 Quicquid
540 3438 591 3511 srt,
614 3437 767 3516 appellatio
786 3439 887 3500 eadem
910 3439 1022 3502 duobus
1050 3443 1103 3504 flu·

100 3545 179 3613 viis,
201 3557 325 3620 quorum
342 3537 412 3600 alter
430 3538 537 3618 rigabat
547 3537 726 3616 Triphyliam
739 3535 810 3598 alter
825 3535 1012 3613 Thessaliam,
1023 3558 1104 3600 corn.

99 3639 220 3713 munis,
241 3635 336 3696 forsan
352 3637 383 3697 in
405 3636 496 3699 caussa
519 3636 592 3712 suit,
620 3650 651 3698 ut
669 3635 765 3699 secum
786 3637 1030 3700 confunderentur
1060 3637 1104 3698 in·

99 3741 210 3800 vicem.
255 3735 295 3796 Ni
311 3734 439 3798 arbitrari
452 3733 550 3820 malis,
564 3735 641 3814 apud
655 3735 826 3798 Boccaoium
847 3756 899 3815 pro
917 3733 1055 3818 Triphylia
1069 3735 1102 3798 li.

97 3837 266 3924 brariurum
289 3834 373 3913 culpa
391 3829 546 3912 Theffaliam
563 3834 631 3914 legi.
688 3835 767 3898 Haec
783 3833 803 3896 fr
820 3837 913 3897 minus
937 3835 1100 3912 arrideant,

95 3954 171 4000 mea
195 3952 268 4015 pace
287 3953 304 3997 a
320 3934 439 4020 rapina
464 3948 577 4014 monte,
608 3953 645 4000 era
664 3955 722 4014 quo
744 3935 860 4016 profluit
881 3933 1002 4016 liniger,
1030 3933 1102 4018 Boe:
