2830 4716
289 265 366 396 ιᾷό
509 301 693 368 nortia
750 299 1064 368 vnaronunt

280 469 360 534 nibus
382 463 508 528 r'rrcoh'tur
527 503 540 518 ·
560 499 573 518 ·
593 491 606 510 ·
626 454 767 543 multisque
802 460 936 544 capitibus
959 461 987 524 r'n
1014 465 1151 528 Octerurrn‘
1178 457 1280 550 influit.

282 568 362 645 Quid
379 566 429 628 sabi
452 566 517 626 heic
539 560 629 625 molta
647 562 739 638 capita
762 559 868 635 velint,
902 560 1007 638 quibus
1022 564 1053 624 ia
1074 565 1224 632 Oceanum
1236 572 1281 632 in.

280 663 400 726 influere
419 663 554 726 Rhenum
576 657 675 722 Caesar
694 657 812 732 scribit,
835 679 925 736 quum
940 673 1038 724 tamen
1058 663 1105 726 alii
1131 665 1280 745 scriptores

279 765 429 828 bicornem
452 761 572 822 fluvIum
588 759 686 820 dicant
712 759 738 822 dr
763 756 852 818 bifido
872 772 968 822 meatu
990 761 1112 825 divisum
1134 764 1206 840 effe,
1231 765 1278 827 alii

280 866 334 927 tria
357 861 461 924 Rheno
490 859 559 920 ostia
586 856 752 934 adsignent,
782 857 902 932 exponit
927 856 1065 922 Cellariuo
1093 861 1124 924 L.
1141 861 1178 924 II.
1198 882 1224 928 o.
1247 881 1276 940 3.

270 957 370 1040 Quod
384 973 481 1022 autern
496 957 596 1020 Vibius
615 956 784 1017 Germaniae
799 953 975 1031 potiihmum
993 959 1122 1020 vindicet
1143 979 1275 1036 amnem,

279 1058 337 1121 hoc
353 1058 389 1120 ab
413 1077 449 1118 eo
470 1056 593 1118 maxime
610 1067 740 1132 tempore
764 1053 870 1128 valuit,
905 1074 964 1131 quo
992 1055 1184 1120 Cisrhenanae
1209 1059 1278 1122 Ger·

280 1159 391 1222 maniae
414 1173 521 1218 nomen
542 1168 638 1216 ortum
665 1152 714 1214 est.
770 1151 848 1214 Nam
872 1167 956 1214 antea
994 1155 1021 1215 ἃ
1054 1155 1221 1218 Germaniae
1248 1160 1276 1218 dr

281 1258 389 1320 Galliae
415 1258 490 1318 redte
519 1265 633 1332 poterat
652 1252 709 1312 dici
733 1249 880 1325 Rhenus,
917 1269 985 1328 quas
1009 1252 1083 1312 inter
1104 1253 1275 1316 decurrebat

227 1397 231 1404 -
279 1358 401 1420 medius.
433 1355 467 1416 ln
483 1352 564 1416 Italia
587 1368 702 1430 quoque
725 1348 844 1410 Rhenus
864 1348 921 1422 est,
950 1367 1054 1426 parvus
1081 1350 1198 1426 diceus,
1228 1345 1274 1414 cui

217 1487 221 1492 ·
283 1461 363 1521 &in
383 1451 536 1517 vernacula
563 1468 673 1511 nomen
688 1447 728 1509 est
740 1449 822 1508 Reno.
857 1447 891 1508 In
908 1465 943 1508 eo
961 1442 1171 1510 triumvirorum
1185 1448 1277 1511 insula

185 1571 186 1576 ’
263 1549 334 1617 ·fuir
354 1571 444 1632 prope
463 1550 641 1624 Bononiam,
667 1565 739 1625 quac
755 1545 824 1608 hinc
843 1545 913 1608 Silio
935 1545 998 1610 Ital.
1019 1547 1051 1610 L.
1071 1545 1143 1611 VIII.
1160 1568 1185 1612 v.
1200 1555 1275 1616 dor.

280 1654 412 1718 salutatur
423 1649 509 1731 parui
539 1646 659 1710 Bononia
683 1645 778 1707 Rheni.
822 1645 860 1708 0.

692 1805 879 1897 Rubicon

322 2030 351 2078 r.
380 2007 512 2074 Lucanus
528 2005 561 2074 L.
588 2005 611 2070 1.
637 2024 667 2074 v.
695 2023 764 2087 213.
790 2005 840 2070 ubi
869 2007 923 2074 het

403 2111 487 2170 Fonte
505 2106 580 2166 cedit
596 2108 700 2166 modico
715 2152 725 2190 ,
741 2103 887 2187 paruisque
903 2104 1051 2186 impellitur
1070 2101 1151 2166 undis

408 2193 544 2258 Puniceus
574 2191 720 2264 Rubicon,
740 2189 918 2268 cumferuida
944 2191 1056 2249 canduit
1083 2192 1190 2271 aestuet

403 2290 506 2368 Perque
529 2288 599 2345 intas
620 2282 707 2368 serpit
734 2288 840 2363 ualles,
864 2287 891 2347 ὁ
912 2284 1023 2366 Gallica
1042 2305 1130 2346 certus

402 2387 492 2446 limes
513 2385 549 2444 ab
569 2379 705 2460 AEtfirniir
728 2387 887 2468 disterminat
907 2405 975 2446 arua
993 2383 1105 2448 colonis.

1089 2497 1229 2553 nasset..

280 2583 423 2650 Citerioris
443 2581 550 2646 Galliae
566 2581 704 2645 &Italiae
722 2584 859 2646 terminus
874 2583 898 2646 is
911 2584 1001 2646 amnis
1014 2598 1091 2660 etat,
1104 2606 1190 2664 quem
1205 2605 1272 2650 curn

279 2687 406 2749 exercitu
430 2681 551 2745 tranhiie
570 2681 659 2744 nefas.
696 2681 780 2744 Unde
797 2678 897 2758 Caefhr
910 2683 987 2762 apud
999 2685 1166 2746 Suetonium
1178 2705 1202 2747 c.
1222 2707 1270 2764 32.
1395 2703 1399 2712 '

280 2781 436 2862 consecutus
459 2783 578 2844 cohortes
598 2783 638 2840 ad
649 2782 810 2840 Rubiconem
821 2784 923 2859 flumen
942 2819 955 2833 -
975 2820 988 2834 ·
1003 2782 1127 2865 paullum
1145 2783 1273 2862 constitit,

278 2905 314 2944 ac
329 2900 472 2965 reputans,
490 2899 616 2961 quantum
639 2879 793 2954 moliretur,
818 2877 959 2955 conuersus
972 2883 1011 2940 ad
1017 2882 1153 2962 proximos
1161 2900 1174 2951 ;
1188 2879 1273 2938 etiarn

280 3001 371 3050 nunc,
388 2980 490 3060 inquit,
514 2978 620 3060 regredi
644 2973 800 3059 poffumttr‚
826 2980 899 3058 quod
907 2981 938 3055 fi
951 2978 1117 3060 ponticulum
1141 2979 1274 3057 transteri·

278 3099 356 3146 mus,
375 3078 463 3136 omnia
482 3078 565 3135 arror'e
588 3077 692 3157 agenda
711 3093 795 3136 erunt.
819 3075 1000 3139 Ponticulum
1022 3095 1110 3154 quum
1123 3075 1210 3146 dicit,
1229 3078 1274 3137 in-

279 3177 356 3236 dicat
378 3174 467 3247 sane,
495 3173 571 3235 haud
591 3191 726 3250 magnum
744 3173 866 3249 junxiffe
888 3176 1018 3238 fluvium·
1068 3165 1132 3252 Qui'
1156 3176 1274 3253 quidem

279 3273 392 3336 cuinam
416 3271 504 3333 hodie
528 3267 696 3348 respondeat
716 3272 824 3349 fluvio,
849 3293 910 3336 non
929 3277 1066 3337 convenit
1084 3277 1159 3337 inter
1179 3275 1275 3337 erudi·

262 3383 335 3440 atde.
366 3371 479 3434 Scilicet
496 3371 595 3433 defluit
611 3371 649 3432 ad
673 3371 807 3440 dextrum
828 3372 901 3436 latus
919 3375 1038 3437 Arimini
1053 3375 1089 3448 in·
1098 3373 1274 3436 Adriaticum

278 3464 357 3539 mare
376 3466 486 3556 Aprusa
507 3471 554 3533 vel
570 3465 663 3553 Apefic
682 3469 807 3546 flumen,
824 3473 859 3534 ad
879 3472 1013 3534 sinistram
1032 3472 1171 3534 Ariminus
1182 3469 1272 3544 olitn,

278 3593 358 3638 nuno
379 3570 524 3634 Maritula
549 3559 650 3633 dictus.
690 3571 781 3649 Prope
797 3571 950 3633 Caesenam
970 3570 1082 3634 alaeva
1101 3572 1273 3649 deproperat

277 3675 309 3736 in
325 3671 415 3736 finurn
437 3671 562 3732 eundem
583 3669 707 3732 Hadriae
726 3670 820 3749 [sapit.
861 3671 1055 3749 lsapimdnter
1076 3669 1276 3748 atquerIrInri·'

278 3791 349 3834 nuru
367 3788 485 3850 amnes,
495 3767 611 3847 propior
628 3768 695 3830 huic
712 3765 818 3846 nufias,
838 3770 879 3832 isti
894 3771 1010 3849 propior
1034 3763 1190 3846 Piffiztellus
1222 3767 1273 3828 de·

279 3871 390 3948 currit,
409 3870 440 3932 in
457 3887 542 3949 quem
563 3882 619 3932 tres
639 3868 771 3933 Incidunt
789 3869 895 3947 riteh,
920 3885 1042 3949 quorum
1062 3869 1171 3946 primus
1204 3865 1272 3923 Ma.

1127 3961 1273 4032 raiardus,
