2798 4710
287 341 334 426 52
508 335 690 401 noran
748 319 1053 403 venrosun

363 539 368 545 .
414 491 476 580 Ipse
510 495 560 555 tili
588 488 691 570 emiffits
723 494 840 577 nebulofi
866 496 956 562 littore
986 479 1113 583 Averni,

460 594 493 654 St
514 589 614 666 liceat,
633 589 705 670 fotu
721 595 801 655 verbo
813 612 906 656 tutore
925 592 1011 673 sonet.

289 719 326 782 ad
341 737 412 797 quos
440 709 533 778 versus
554 713 663 792 Virgilii
683 714 780 779 locurn
804 737 841 781 ex
854 719 903 782 Vl.
922 722 1040 784 leneid.
1065 727 1217 803 occupavit
1232 745 1282 792 nu·

288 835 373 896 perus
382 813 483 878 editor.
515 811 637 876 Ovidius
657 835 772 894 quoque
795 818 832 879 de
859 820 956 883 Aenea
987 823 1027 884 ita
1054 823 1132 886 canit
1155 823 1230 889 lllet.
1247 825 1280 891 L.

288 913 368 978 XlV.
391 909 461 975 vers.
488 930 557 987 104.

672 990 827 1078 clausisque
848 1014 928 1059 antra
945 999 1068 1080 Sibyllae

283 1092 286 1101 ⁴
410 1089 518 1152 Intrat:
534 1093 582 1168 te,
596 1109 627 1152 ut
642 1114 733 1153 manes
751 1097 833 1155 adeat
836 1117 888 1178 per
904 1096 1017 1158 Auerna
1032 1111 1162 1182 paternos
1165 1145 1178 1172 ,

413 1193 493 1258 Orat.
940 1242 945 1255 ,

271 1289 328 1362 'De
339 1290 425 1369 Styge
447 1302 544 1352 autern
563 1288 686 1352 Ovidius
705 1289 777 1353 Met.
798 1290 828 1353 L.
847 1289 897 1358 lv.
919 1292 989 1354 vers.
1012 1313 1082 1375 433.

407 1415 455 1490 Est
472 1414 520 1475 via
535 1411 665 1484 declivis,
681 1407 788 1491 filnesta
803 1412 897 1472 nubila
924 1433 992 1475 taxo
1006 1459 1019 1487 ‚

408 1512 500 1572 Ducit
513 1511 553 1570 ad
565 1505 681 1587 infernas
692 1532 742 1591 per
758 1527 832 1568 muta
839 1510 950 1590 filcaria
960 1509 1050 1589 sedes.

341 1618 344 1624 '
407 1609 480 1689 Styx
506 1606 618 1667 nebulas
643 1606 756 1669 exhalat
782 1607 882 1669 iners.
926 1651 934 1671 .
978 1657 986 1672 .
1031 1653 1039 1674 .

283 1733 409 1796 Vocatur
442 1750 527 1810 porro
552 1729 608 1791 alio
636 1730 755 1790 nomine
781 1729 913 1792 Acheron
935 1725 1099 1810 Senatus,-
1116 1733 1274 1804 maraine,

282 1837 327 1900 uti
343 1833 458 1896 traduat
486 1828 630 1908 Apollonii
654 1829 750 1892 Rhod.
780 1827 887 1892 scholia
909 1831 945 1892 ad
968 1829 1031 1894 libr.
1054 1832 1181 1898 11.vers.
1201 1853 1274 1912 745.

281 1949 405 1999 onnun.
460 1928 495 1991 ln
515 1927 666 1991 richerusra
682 1927 855 1992 Chersoneso
868 1929 1024 1994 Herculem
1048 1930 1219 1996 descendisse
1236 1937 1274 1999 ad

279 2033 401 2103 inferos,
422 2028 550 2089 referunt
578 2026 747 2104 Xenophon
773 2027 810 2088 de
829 2029 932 2106 exped.
952 2027 1018 2107 Cyri
1034 2028 1066 2093 L.
1084 2030 1133 2093 vl.
1152 2051 1183 2108 p.
1203 2036 1278 2110 374.l

278 2126 474 2194 &Eustachius
490 2123 526 2184 ad
536 2114 651 2199 Dionys.
670 2143 696 2184 v.
711 2142 781 2199 791.
798 2125 972 2187 Herculeum
1007 2127 1090 2188 illurn
1125 2127 1272 2208 laborem,

276 2243 363 2304 quern
386 2239 521 2283 nummus
543 2218 698 2280 Heracleae
727 2220 860 2282 Ponticae
885 2219 936 2284 sub
963 2222 1108 2286 Gordiano
1126 2229 1270 2303 perculsus

274 2323 341 2386 srstit
364 2317 519 2399 aptissime,
542 2317 671 2377 certatim
691 2316 877 2381 nobilitarunt
897 2333 1026 2383 veterum
1052 2342 1182 2402 getnnrae
1207 2329 1272 2390 arti-

276 2421 374 2483 ficum.
418 2415 483 2490 Tu,
508 2413 529 2476 fi
546 2412 635 2488 velis,
652 2413 817 2493 Lippertina
833 2420 934 2497 ectypa
946 2420 1002 2482 adi.
1039 2421 1084 2483 De
1100 2423 1189 2486 fluvio
1208 2426 1271 2505 ipso

274 2516 397 2598 gemelle
430 2512 560 2578 Straboni
600 2511 688 2576 habet
720 2513 959 2596 &Thucydides
975 2518 1007 2584 L.
1020 2517 1044 2584 I.
1060 2540 1086 2585 c.
1108 2539 1157 2599 47.
1179 2522 1271 2585 hehe·

269 2631 384 2682 rontem
404 2634 456 2694 pro
470 2612 530 2691 ipso
553 2612 665 2673 inferno
683 2613 820 2675 &inseris
837 2614 896 2678 Diis
915 2614 1058 2698 usurpari,
1081 2618 1265 2683 nutilsrnrum.

274 2717 363 2796 Quod
385 2713 519 2778 Claudius
536 2709 682 2791 pollicitus
705 2711 766 2787 eli,
795 2710 825 2774 sc
845 2713 933 2776 fusrus
949 2715 1023 2776 infra
1043 2716 1080 2776 de
1104 2717 1267 2778 Acheronte

269 2815 336 2881 lacu
358 2815 503 2890 aelurum,
528 2831 633 2875 vanum
653 2811 682 2873 id
706 2811 778 2887 suit,
801 2812 941 2890 pronrislis
962 2832 1022 2874 non
1040 2813 1123 2874 stetit.
1165 2812 1202 2872 O.

556 3095 558 3103 .
619 3079 621 3084 ,
701 2991 836 3072 Anien

203 3252 205 3260 .
306 3189 404 3252 Hodie
426 3187 561 3248 severunt.
604 3183 692 3246 Hunc
712 3184 832 3248 fluvium
851 3204 867 3246 a
885 3184 1130 3248 criminationibus
1146 3206 1255 3264 eorum,

265 3291 412 3370 quisquae
427 3305 494 3350 cunr
510 3285 604 3347 minus
621 3303 706 3362 puras
729 3283 882 3363 minusque
901 3282 1025 3348 salubres
1041 3285 1176 3363 praebere
1191 3306 1261 3348 con.
1375 3285 1376 3294 ’

260 3390 430 3457 tenderent,
452 3385 578 3447 vindicat
595 3384 703 3446 hnton.
721 3381 768 3445 del
783 3382 827 3446 Re
847 3384 878 3444 in
902 3381 1060 3460 Tiburtinis
1079 3383 1208 3462 antiquit.
1226 3383 1259 3444 in

263 3480 739 3552 rmmnffluuo
815 3481 1263 3560 nmnmnmm·

264 3607 335 3660 vus,
352 3605 408 3664 quo
423 3582 488 3646 usus
508 3580 611 3642 alicubi
630 3579 714 3642 Silius
725 3559 855 3654 Italicus,
867 3591 898 3644 ut
909 3581 968 3655 jans
985 3578 1143 3643 observavit
1151 3577 1254 3658 Lloyd.
1371 3619 1372 3640 ;

259 3685 291 3745 in
308 3683 490 3747 Ditiionario.
543 3680 623 3742 Dixit
643 3695 756 3756 quoque
773 3679 873 3740 ’Arensis
898 3675 1065 3740 Plutarchus
1086 3678 1114 3738 in
1140 3675 1256 3740 Caesare

257 3801 322 3860 pag.
343 3800 412 3858 735.
434 3779 559 3843 usrtatius
582 3777 621 3838 est
641 3775 738 3850 Anio,
768 3776 876 3838 Graece
897 3774 986 3834 'halae
1028 3775 1072 3837 De
1094 3771 1253 3836 amoeniffi·

257 3881 298 3938 nri
315 3877 431 3954 hujusce
458 3878 549 3939 amnis
571 3872 671 3950 cursu,
689 3877 716 3937 ἃ
733 3873 925 3936 saluberrimis
943 3873 980 3935 ad
1002 3874 1126 3936 eundem
1143 3871 1252 3938 Albulis
1368 3885 1369 3892 ’

252 3978 358 4056 equis,
399 3977 464 4042 vide
500 3994 573 4055 quae
609 3972 717 4038 hebent
752 3973 897 4039 Pausanias
929 3970 1077 4037 lllessenic.
1110 3992 1172 4050 cap.
1198 3991 1245 4052 35.
