2836 4718
274 285 357 396 338
500 297 684 361 noras
741 293 1056 359 viatorium

577 494 582 510 ¹
641 497 846 583 Maxreria

316 697 474 765 Articulum
495 695 597 770 ilium,
633 691 839 756 immedicabili
859 691 953 762 forsan
985 693 1106 758 vulnere
1129 695 1272 779 saucium,

275 801 410 868 Simlerus
430 800 560 877 ignoret3
582 795 613 867 in
631 791 740 869 scriptis
757 791 815 872 legi
835 791 932 868 libris,
955 791 1004 856 sed
1024 795 1187 860 diverfitate
1207 820 1275 877 qua-

274 902 341 980 dam
358 900 391 960 in
412 897 504 975 prima
531 911 605 958 voce
629 890 838 970 conspicuum,
866 891 978 956 videbis
1003 913 1070 976 pag.
1096 909 1144 974 ιο.
1168 898 1274 964 Buces.

270 1002 332 1063 cius
345 999 401 1063 irat
425 993 574 1058 Maxtort'a
588 1011 662 1053 mons
682 991 717 1070 esi
733 985 885 1072 ffispamae
897 985 982 1066 juxta
997 993 1125 1074 oppidum
1132 995 1271 1062 Aurorae.

270 1099 319 1164 Ne
344 1109 440 1160 autem
462 1095 635 1155 intentatum
654 1089 750 1150 locum
766 1090 1043 1166 praetermittamus,
1067 1090 1161 1154 statim
1177 1095 1209 1156 in
1230 1115 1273 1157 re·

271 1199 359 1277 gione
376 1195 505 1257 dicemus
520 1207 645 1251 errorem
659 1185 858 1265 increpasse,
880 1189 1018 1266 siquidem
1039 1193 1146 1255 montis
1164 1214 1273 1258 nomeu

269 1297 338 1360 alibi
354 1291 570 1373 deprehendere
590 1289 685 1354 liceat.
708 1284 850 1346 Maxeras
870 1283 1012 1365 popslum
1029 1287 1191 1366 Hyrcaniae
1210 1313 1273 1355 nar.

270 1410 314 1458 rat
332 1394 511 1455 Ptolemaeus
535 1387 566 1449 L.
581 1383 636 1448 ·VI.
666 1403 691 1446 o.
720 1403 747 1461 9.
771 1386 855 1460 cujus
890 1398 965 1448 terra
982 1385 1104 1448 Maxera
1129 1390 1216 1469 rigatu
1239 1393 1273 1456 sn

269 1494 369 1556 liuvio.
401 1491 495 1564 Hujus
517 1497 662 1568 praeterea
677 1483 836 1560 meminere
852 1485 881 1549 dc
897 1483 1003 1550 Plinius
1019 1504 1061 1558 err,
1071 1490 1273 1554 emendatione

270 1590 414 1655 Harduini
430 1588 462 1650 i..
485 1584 535 1648 VI.
550 1605 577 1647 c.
596 1591 642 1648 16.
662 1584 690 1645 ta
712 1583 880 1647 Ammianus
896 1583 1084 1654 Marcellinus
1106 1587 1137 1650 L.
1151 1589 1269 1654 XXIII.

176 1689 182 1706 ⁸
271 1707 362 1763 c.25.
384 1687 449 1761 Jam
476 1693 592 1750 montes
620 1682 651 1742 in
681 1680 737 1742 illis
765 1669 892 1744 maxime
916 1681 992 1746 orbis
1023 1695 1159 1752 terrarum
1178 1686 1270 1767 plagis

272 1787 373 1849 ardere
385 1783 517 1848 amnibus
533 1780 741 1860 cognominet,
767 1778 840 1845 nibil
859 1779 916 1855 etr,
956 1781 1034 1858 quod
1059 1783 1192 1861 cuiquam
1217 1787 1271 1848 mi-

271 1905 338 1973 etam
350 1884 434 1970 polilt
453 1882 597 1946 accidere
633 1877 733 1956 Itaque
752 1878 846 1942 forsan
862 1879 985 1942 Maxera
1002 1881 1055 1942 erit
1069 1901 1153 1956 mons
1164 1904 1272 1964 ,quem

269 1959 352 2049 ullibi
371 1979 508 2070 repererit
527 1979 636 2052 Vibius.
661 1978 739 2040 Tum
759 1995 827 2060 ergo
850 1997 903 2058 pro
920 1973 1071 2061 Hispaniae
1095 1981 1205 2060 legeres
1229 2002 1272 2045 re-

270 2086 342 2155 ctius
360 2081 540 2162 Hyrcaniae,
561 2077 702 2155 facileque
720 2059 913 2150 concederes,
939 2075 1069 2140 scribas
1077 2081 1188 2157 regioni
1215 2082 1270 2143 mi-

269 2200 325 2251 nus
350 2179 401 2241 fibi
426 2193 512 2240 notae
532 2179 674 2242 notiorem
690 2173 863 2238 substituisse.
896 2153 1016 2238 Faveter
1036 2177 1063 2238 &
1081 2177 1156 2240 illud
1168 2180 1270 2258 ,quod

269 2275 434 2365 Ptolemaeo
448 2275 555 2334 ibidem
577 2289 750 2336 memoretur
768 2274 834 2336 urbs
855 2269 1005 2349 Mausona.
1038 2275 1121 2338 Unde
1142 2279 1271 2358 prodiret

276 2374 421 2437 tandem'
413 2393 444 2462 ιιι
466 2371 587 2432 Vibiana
606 2373 750 2433 montium
768 2371 861 2438 serie.

397 2496 522 2560 Maxera
535 2513 623 2578 Juxta
644 2495 770 2578 oppidum
791 2491 943 2580 Mausonae
967 2497 1136 2578 Hyrcaniae.

276 2622 392 2708 Lepide
410 2641 462 2700 pro
464 2620 557 2682 festo
567 2617 761 2698 conspirarent
784 2620 899 2696 omnia3
935 2622 1025 2685 modo
1065 2643 1174 2688 nomen
1198 2624 1271 2689 illud

273 2723 383 2808 montis
402 2731 565 2786 occurreret
585 2717 712 2796 usquam.
748 2719 856 2780 Verum
878 2720 1035 2804 cogitabis,
1052 2721 1271 2802 multascripto-

270 2842 342 2886 rum
358 2819 505 2898 volumina
526 2815 652 2896 periisle3
678 2818 755 2878 unde
772 2817 915 2880 nonlicet
936 2818 1049 2902 prorsus
1072 2839 1109 2882 ex
1134 2822 1169 2884 iis
1198 2843 1271 2901 quae

271 2920 420 3008 supersunt
436 2921 472 2980 de
496 2917 630 2983 similibus
651 2917 787 2992 judicare.
818 2917 937 2980 Interim
957 2899 1137 2995 conjecturae
1149 2939 1212 2984 non
1230 2923 1271 2988 ni

272 3022 328 3094 pris
355 3034 404 3080 mo
426 3016 572 3081 inhaerere
589 3034 693 3089 meae,
723 3014 825 3092 sponte
847 3016 993 3094 profiteor.
1035 3018 1139 3082 Forsan
1166 3019 1271 3100 proba·

273 3116 376 3202 biliora
393 3116 472 3180 dabit
490 3116 569 3178 alius.
594 3114 623 3176 si
642 3114 704 3195 quis
720 3114 751 3175 in
765 3107 902 3196 Hispania
927 3118 1031 3182 morari
1050 3117 1152 3194 malit,
1180 3119 1274 3180 Auro·

272 3237 322 3278 aar
345 3214 410 3299 loco
427 3209 567 3302 Ansam
582 3228 693 3292 ponet,
721 3233 779 3291 quo
799 3213 918 3282 nomine
933 3214 1055 3293 sequiori
1073 3235 1146 3278 aevo
1162 3219 1273 3280 maeta-

272 3329 336 3379 tum
367 3315 407 3378 esi
432 3315 572 3394 oppidum
600 3310 830 3386 Ausetanorum,
868 3311 1090 3378 Ptolemaeos..
1121 3313 1161 3381 IL
1185 3334 1213 3382 c.
1239 3319 1270 3378 6.

270 3409 397 3498 Ausum,
426 3413 492 3492 alias
508 3429 623 3497 quoque
643 3403 747 3486 Ausa,
769 3411 936 3476 vocitatum.
980 3416 1094 3476 Aurora
1114 3413 1193 3477 enim
1220 3430 1271 3474 ve·

270 3512 379 3598 teribus
394 3510 479 3590 plane
502 3512 622 3590 ignota3
650 3528 745 3588 neque
767 3503 922 3591 'quisquam
945 3510 993 3576 hic
1019 3531 1104 3576 mons
1128 3511 1269 3587 occurrit,

274 3609 370 3688 plores
387 3623 482 3700 autem
498 3608 626 3670 recenset
647 3609 846 3686 Ptolemaeus,
878 3612 960 3689 cujus
982 3631 1095 3679 acmen
1111 3613 1149 3676 ad
1160 3629 1271 3676 nomen

276 3706 436 3800 =Maera-riae
459 3706 519 3774 ullo
537 3707 627 3776 modo
650 3708 776 3772 accedat.
820 3709 857 3776 Ο.

677 3854 833 3960 ’Μ’
