2780 4712
412 298 492 362 tn
550 297 810 364 aroanna
1052 305 1133 397 139

142 487 147 498 ¹
249 458 333 522 Hane
363 456 458 518 Fauno
486 457 653 543 &nympha
669 458 787 542 granna
806 460 939 522 Laurente
952 458 1068 524 Marica

203 557 425 640 Accipimus.

132 659 176 745 ΕΜ
198 677 286 722 autern
305 655 419 717 Merita
435 656 498 716 Dea
519 649 608 716 litoris
628 601 885 785 Mineuinetfiunt
868 671 976 737 ματα
981 655 1065 716 Lirim
1074 657 1134 736 fla·

203 755 440 824 ‚Horatiutt

500 849 563 912 θ
552 865 685 911 immutent
716 849 843 912 Maricae

292 950 430 1016 Litoribus
456 943 567 1025 tenuiffe
597 947 690 1010 Lirim.

134 1055 222 1142 quodsi
235 1054 397 1116 noluerimus
417 1054 540 1130 arripere
561 1063 672 1108 uxorare
692 1045 786 1107 Fauni
808 1045 969 1121 Maricam,
1002 1065 1054 1106 non
1069 1061 1134 1128 pro·

136 1157 219 1219 cedit:
245 1153 302 1216 Dii
322 1152 389 1212 enirn
408 1149 512 1232 topici,
532 1146 564 1207 iti
574 1145 608 1226 esi
633 1144 762 1219 locales,
781 1143 821 1204 ad
840 1142 914 1202 alias
925 1143 1043 1226 regiones
1058 1163 1135 1202 neem·

137 1275 211 1338 quant
234 1245 379 1326 transeunt.
423 1247 481 1307 Sed
488 1245 573 1328 potesl
590 1243 686 1302 dicirent
708 1237 756 1320 effe
773 1263 824 1323 per
842 1242 977 1324 poiticern
998 1241 1137 1304 licentiam

138 1353 266 1414 laurente
302 1346 433 1421 Mariua,
471 1363 551 1424 quant
574 1343 613 1422 fit
637 1341 842 1422 Mentumenfit.
883 1340 991 1402 Dicunt
1019 1338 1071 1400 alii
1086 1357 1138 1421 per

139 1449 275 1516 Maricam
293 1449 416 1508 Venerem
437 1441 553 1524 intelligi
577 1440 691 1512 debere5
717 1435 795 1520 eujus
804 1431 866 1516 fuit
886 1432 1018 1514 fiscellurn
1047 1435 1137 1520 juxta

139 1549 297 1622 Maricam,
320 1546 420 1624 nqueo
437 1558 495 1604 erar
510 1534 642 1622 scripturn
666 1550 760 1599 naor.
790 1548 858 1601 rna
887 1547 1079 1598 antoniana
1107 1536 1137 1598 n

136 1649 261 1726 reliqua,
295 1645 341 1708 cui
366 1656 476 1706 ceteros
501 1643 605 1718 pottae
630 1637 799 1715 interpretes
828 1633 946 1712 adjungi
978 1631 1127 1714 pervelim.

138 1747 315 1828 Porphyrion
335 1743 373 1806 ad
391 1742 491 1806 Horat
511 1737 543 1802 L.
566 1735 618 1802 ΙΙΙ.
643 1735 765 1812 od.17
796 1732 867 1796 vers.
891 1743 920 1805 8.

263 1869 338 1930 Liris
352 1865 500 1976 flumen,
496 1861 548 1920 etii
564 1858 681 1924 Marica
702 1855 820 1966 nympha
845 1854 998 1918 retitur.

143 1969 277 2034 Μανίειηι
304 1982 393 2026 auterre
413 1939 614 2034 Minturnenses
640 1956 755 2016 maxime
785 1954 888 2018 colunt.
947 2026 950 2032 Ι

147 2057 540 2172 Porrov.&Mattialis1..
557 2083 597 2146 Χ.
618 2100 664 2161 ep.
684 2099 731 2160 30.
751 2100 780 2144 v.
806 2092 835 2153 8.
856 2093 996 2146 narsus.
1068 2078 1141 2144 Liris

141 2213 203 2258 non
225 2189 378 2254 aVestinis
399 2183 545 2259 decurrit,
573 2179 791 2256 scismatis,
819 2191 851 2242 ut
866 2180 962 2258 itaque
983 2177 1040 2243 suo
1059 2194 1142 2242 more

141 2311 210 2360 nera
230 2288 304 2352 fains
325 2285 442 2350 misceat
461 2282 566 2354 noster.
609 2279 717 2344 Verum
734 2279 799 2342 heic
813 2276 914 2341 saltem
934 2277 1061 2342 excusari
1079 2296 1143 2340 me.

141 2406 237 2466 retur,
265 2401 339 2452 errat
354 2405 422 2451 cum
444 2381 605 2457 Strabone,
634 2379 683 2459 qui
699 2377 765 2442 loco
781 2397 852 2440 mox
873 2377 1016 2441 laudando
1038 2379 1141 2444 eadem

142 2490 236 2554 tradit.
278 2487 321 2552 Ex
338 2485 490 2566 Apennino
510 2478 614 2544 effusus
640 2479 711 2541 Liris
742 2476 814 2540 olim
839 2475 931 2538 Clanis
962 2474 1009 2540 vel
1039 2476 1141 2538 Glanr'a

142 2589 319 2662 vocabatur,
340 2583 411 2646 teste
438 2578 578 2644 Strabone
605 2577 636 2640 Ι..
667 2576 702 2640 V.
717 2597 748 2655 p.
765 2595 835 2654 233.
870 2578 898 2638 ἃ
925 2573 1016 2638 Plinio
1039 2575 1071 2640 L.
1088 2574 1144 2639 ΙΙΙ.

117 2817 119 2822 ·
144 2789 223 2856 eidas
245 2789 308 2863 ¹ejus
328 2783 420 2847 undas
436 2781 528 2862 pingit
549 2776 684 2843 Horatius
702 2775 736 2839 Ι..
757 2771 780 2835 Ι.
798 2773 854 2834 ode
875 2789 937 2850 aar.

313 2909 379 2970 Non
400 2923 485 2967 rura.
520 2921 588 2983 quae
615 2897 689 2961 liris
710 2895 800 2978 quieta

312 3005 424 3070 Mordet
455 3017 546 3084 aqua,
575 2999 734 3059 taciturnus
749 2993 845 3058 amnis.

148 3137 296 3216 eleganter
321 3131 408 3194 etiarn
429 3127 513 3191 Silius
543 3111 606 3188 Ital.
636 3121 669 3186 1.
684 3121 743 3185 IV.
770 3141 799 3184 v.
817 3135 886 3200 350.
915 3136 1002 3197 quern
1021 3116 1143 3189 videbit.

147 3236 265 3300 Glanim
286 3230 428 3309 triplicem
454 3223 585 3288 initalia
610 3240 761 3285 occurrere
788 3221 875 3284 docet
901 3219 1083 3304 casaubonus
1109 3220 1147 3292 ad

147 3335 296 3408 Strabonis
323 3330 343 3395 l.
363 3349 389 3394 c.
411 3328 483 3392 Liris
505 3325 594 3388 hodie
619 3321 786 3404 Garigliano.
830 3321 870 3391 Ο.

362 3509 366 3516 ’
477 3610 480 3616 ¹
577 3486 712 3607 Lycus

194 3723 225 3768 v.
240 3673 354 3765 Servius
374 3699 412 3764 ati
429 3693 508 3776 virg.
523 3694 630 3774 Geogr.
644 3686 677 3754 Ι..
687 3673 739 3753 li.
758 3705 787 3754 t.
808 3695 876 3770 367.
899 3681 949 3753 u'bi
975 3686 1011 3751 ad
1034 3682 1151 3768 lyrani·

149 3825 202 3886 que
227 3803 318 3864 habet
335 3800 442 3878 flavius
465 3797 556 3878 Asiae.
581 3805 718 3855 nussttu.
804 3789 921 3870 Lycus
916 3786 1022 3849 fluvius
1056 3785 1152 3849 multi·

150 3902 222 3981 plen
243 3911 418 3970 metueretur
446 3895 562 3975 priscirt
597 3893 686 3970 Lycas
714 3890 856 3968 oppidum
879 3885 1036 3964 nusquam,
1072 3883 1151 3964 quod

155 4002 263 4071 norim
307 3994 648 4063 intransibilis
677 4009 724 4072 30.
754 3983 850 4054 nino»
869 4007 917 4044 aar
918 3989 981 4060 apta
1009 3981 1153 4066 (Cololfie
