2830 4716
517 339 587 400 sn
666 307 833 404 ‘uncus
1075 353 1156 437 249

159 501 246 583 polilt
260 499 358 561 reibrrl
378 515 549 576 pronomen.
579 497 626 560 Sic
645 515 714 558 mox
737 495 899 562 inaratam
921 500 1023 573 lacus,
1044 525 1079 564 ex
1107 527 1159 588 que

159 601 211 664 sed
236 599 275 660 ibi
290 611 388 662 tamen
402 595 479 668 adest
493 595 586 674 ipsum
622 596 799 660 vocabulum
826 598 919 666 heus.

407 705 409 710 ’
558 693 744 758 u’oavlnnn
764 696 793 755 in
812 697 1020 762 cratia-namu.
1038 721 1067 781 p.
1086 722 1156 776 222

162 796 278 870 „Puto
302 794 396 875 legisse
420 793 536 858 Vibium
554 793 677 868 alicubi,
702 813 753 871 per
772 794 890 874 Cyanen
919 797 1041 860 tranfisse
1062 801 1158 866 Pluto
1236 845 1240 852 .

162 914 275 968 „nem
307 915 374 956 cum
399 892 612 972 Proserpinam
632 893 759 972 Stygiam
787 892 943 970 paludem,
972 895 1060 974 ipsam
1089 919 1158 964 vero
1283 888 1290 916 '

163 1037 184 1068 ,‚
208 993 326 1072 Cyanen
346 993 493 1074 desinere'
485 1012 515 1060 tn
531 993 703 1068 Anapum„
746 991 790 1052 Ita
811 992 920 1066 judicat
937 992 1086 1062 Cluverius
1098 997 1156 1068 stc.

162 1105 221 1170 ant.
235 1091 266 1154 L.
288 1091 310 1154 l.
325 1112 350 1154 c.
372 1111 417 1169 ¹3·
442 1090 516 1154 Cum
534 1087 768 1168 poctarum-locis
787 1091 913 1158 maxime
930 1091 1028 1160 Ovidii
1042 1094 1161 1165 &Clau-

164 1190 260 1266 diani-¹,
280 1192 328 1268 qui
344 1191 461 1269 Cyanen
477 1189 636 1269 nympham
654 1187 787 1268 lacrymis
803 1187 842 1256 ob
857 1205 968 1268 raptam
984 1190 1073 1255 Deam
1090 1213 1160 1262 con.

165 1300 309 1368 temtaque
329 1290 417 1352 fontis
441 1293 503 1365 jura
523 1285 741 1350 sui'absumtam
769 1288 850 1354 &in
875 1287 1016 1366 liquidum
1046 1287 1160 1361 sontem

165 1401 303 1456 mutatam
323 1389 470 1461 referunt,
495 1387 638 1452 Diodorus
659 1386 714 1449 Sic.
734 1384 943 1450 &Plutarchus
957 1391 1160 1460 maximenon.

165 1486 277 1550 serendi
298 1486 371 1555 sunt,
403 1486 431 1550 ls
450 1486 529 1554 enim
546 1485 576 1554 s,
590 1485 669 1550 V..c.
692 1507 721 1558 4·
739 1504 756 1548 a
773 1483 893 1548 Plutone
913 1486 969 1562 ibi,
993 1488 1041 1551 ubi
1057 1503 1161 1562 terram

165 1583 326 1662 dirupisset,
346 1585 460 1653 fontem
477 1583 599 1663 Cyanen
616 1583 789 1661 productum
817 1583 934 1656 scribit,
964 1589 1041 1665 apud
1073 1610 1162 1669 quem

165 1681 324 1744 solemnem
339 1683 436 1761 postea
452 1684 604 1762 quotannis
618 1684 776 1761 panegyrin
791 1682 963 1750 celebrarint
976 1686 1161 1766 Syracusani,

164 1779 306 1848 sacrificiis
328 1782 414 1850 etiam
430 1781 545 1858 publice
559 1782 748 1860 privatimque
768 1784 896 1860 perastir·
925 1784 1024 1846 Hicin
1042 1785 1161 1854 Paralle-

33 1883 38 1890 '
166 1878 201 1944 lis
219 1880 489 1960 GyanenCyanippi
510 1881 596 1957 patris
608 1881 716 1944 crimen
729 1879 814 1958 ipsius
828 1880 937 1960 suaque·
952 1901 1024 1946 nece
1040 1884 1162 1962 expiasse

167 1993 384 2054 commemorat.
417 1979 512 2054 Hodie
527 1979 638 2048 fontem
657 1978 693 2040 ab
713 1978 828 2056 rectilis,
840 1978 897 2050 dici
917 1978 948 2048 ta
970 1976 1084 2058 lisura,
1119 1985 1163 2050 in.

166 2093 338 2169 gentemque
358 2077 414 2154 esse
429 2079 601 2142 admodum
618 2077 728 2156 stagni,
751 2077 829 2150 unde
847 2080 923 2150 reete
941 2077 1070 2147 Diodoro
1094 2078 1113 2140 l.
1134 2101 1160 2152 c,

170 2180 281 2250 dicatur
307 2173 428 2254 alpia&
458 2177 543 2245 Vibio
570 2178 643 2248 inter
671 2176 749 2250 lacus
777 2175 973 2250 recenseatur,
1001 2180 1098 2242 audior
1123 2179 1164 2241 est

168 2277 327 2350 Cluverius..
356 2276 476 2352 Flumen
495 2297 512 2342 a
529 2276 611 2342 sonte
625 2275 769 2354 profluens
784 2275 846 2354 poll
859 2273 938 2346 mille
949 2274 1059 2342 circiter
1071 2275 1163 2353 passus

169 2380 286 2452 dextrae
311 2378 400 2462 Anapi
419 2378 496 2454 ripae
513 2374 699 2452 adfunditur,
714 2373 793 2458 quod
816 2372 929 2444 testatur
945 2373 1033 2442 idem.
1065 2373 1163 2446 Paullo

170 2477 250 2542 aliter
266 2496 299 2540 ca
313 2477 349 2546 de
373 2496 404 2541 re
420 2475 476 2540 Th.
496 2474 626 2548 Faaellus
648 2475 685 2538 de
698 2473 771 2536 Reb.
787 2471 841 2544 Sic.
862 2471 893 2534 L.
909 2471 957 2538 lV.
973 2491 998 2534 c.
1018 2489 1046 2539 2.
1083 2513 1107 2548 „
1120 2473 1164 2542 Ad

169 2619 193 2652 „
215 2575 304 2656 Anapi
328 2575 458 2646 dextram
477 2559 509 2634 in
527 2592 563 2634 eo
578 2571 644 2644 loco
661 2572 720 2643 duo
738 2572 867 2648 ingentes
880 2583 1035 2650 erurnpunt
1051 2569 1163 2646 fontes,

172 2676 308 2754 ,major
326 2675 353 2736 ἃ
373 2673 485 2746 minor,
506 2691 595 2749 parvo
613 2672 687 2738 inter
709 2661 737 2744 se
755 2667 846 2746 spatio
871 2667 1016 2738 distantes.
1058 2667 1165 2743 sllay'ori

171 2775 302 2860 „hodie
316 2766 425 2856 pistae,
446 2772 550 2844 minorr
542 2763 696 2856 Pismotia
712 2767 769 2832 five
787 2757 879 2848 Pisma
895 2764 978 2824 Ciriru'
996 2765 1167 2837 estnumen,

169 2872 311 2962 „Maior
344 2871 434 2934 fluens
464 2869 580 2936 dextera
604 2867 645 2939 sui
671 2883 750 2947 parte
771 2865 912 2930 minorem
944 2863 1046 2941 recipit
1073 2866 1101 2926 dt
1129 2863 1166 2928 fic

172 2973 316 3049 „auctus
348 2990 408 3032 non
427 2955 513 3047 longe
536 2966 597 3046 post
627 2967 726 3042 Anapo
755 2962 888 3025 illabitur.
936 2959 1047 3040 Cyanes
1070 2962 1166 3040 itaquo

171 3069 283 3145 „fons
302 3069 378 3147 apud
393 3082 503 3138 veteres
523 3065 637 3144 infignis
654 3057 747 3138 Pisma
775 3061 904 3124 cirini&
927 3054 1059 3136 Pismotia
1079 3061 1166 3128 hodie

172 3213 195 3244 „
218 3181 356 3242 vocatur;
380 3167 509 3244 adeoque
529 3162 698 3238 immensae,
705 3160 905 3240 profunditatis
924 3158 986 3228 est,
1022 3174 1056 3222 ut
1074 3159 1167 3222 homi-

167 3308 191 3342 „
214 3286 285 3328 num
296 3262 666 3344 perpendiculodrfunibus
676 3281 740 3330 eam
755 3258 992 3338 perscrutantium
1001 3257 1082 3336 spem
1093 3259 1165 3331 sem·

169 3409 194 3442 ,‚
216 3382 268 3441 per
289 3361 396 3429 eludat.
420 3363 517 3444 Cyane
535 3360 733 3441 Syracusarum
745 3359 811 3422 fons
828 3357 898 3424 teste
916 3355 1006 3424 Plinio
1024 3357 1168 3429 crescente

171 3507 194 3540 „
216 3461 286 3526 luna
301 3462 399 3532 crescit
420 3466 448 3526 dr
468 3482 501 3524 ea
523 3461 674 3530 deficiente
699 3457 853 3526 decrescit,
879 3453 958 3535 quod
979 3473 1032 3516 nos
1049 3453 1100 3526 usu
1120 3471 1169 3522 ve-

170 3605 195 3638 „
219 3563 280 3622 nire
297 3561 430 3625 vidimus.
467 3563 583 3638 Anapus
607 3559 710 3626 fluvius
728 3557 830 3634 (haec
848 3573 902 3632 ego
922 3553 959 3620 ad
974 3571 1037 3632 pag·
1056 3559 1103 3625 ⁶5·
1117 3571 1169 3618 no·

135 3692 139 3697 ·
172 3703 195 3737 „
219 3673 277 3721 tata
300 3657 411 3735 velim)
445 3679 497 3738 per
520 3658 629 3737 aliquot
661 3654 791 3735 passuum
817 3651 906 3725 millia
931 3648 1104 3718 incredibilis
1129 3649 1169 3710 est

174 3758 411 3838 „amoenitatis
441 3758 537 3823 Tectis
560 3774 686 3834 namque
713 3752 816 3818 stonde
840 3749 945 3828 saligna
968 3767 1002 3818 an
1023 3744 1168 3824 populea,

174 3901 196 3934 „
219 3855 381 3936 crystallino
396 3855 497 3930 alveo,
513 3855 648 3920 viridibus
660 3855 745 3931 ripis,
762 3853 834 3913 mira
853 3847 1016 3929 placiditate
1030 3845 1102 3908 fluit.
1127 3845 1170 3910 Pi·

151 3947 154 3954 ’
177 4001 200 4038 „
223 3956 368 4022 sculentus
381 3955 439 4034 esi,
453 3976 488 4020 ac
503 3955 606 4036 scapha
618 3967 680 4018 toto
694 3971 770 4023 anno
784 3947 959 4028 navigabilis.
976 3989 998 4031 2,
1016 3941 1170 4021 Hucusque
1284 4032 1293 4037 ᾖ
1312 3951 1314 3956 ·

628 4075 815 4160 ,ς
