2830 4716
281 299 360 380 182
489 313 675 374 uorsa
731 303 1055 372 varranum

277 493 340 536 non
367 473 535 536 convenerit
556 469 652 550 priscis
676 468 912 542 Grammaticis,·
930 467 1070 546 fiqoidem
1106 464 1278 532 zenodorus

280 568 404 649 joiarib,
426 571 599 634 Aristarchus
618 565 719 643 palma.
735 566 803 646 legit
816 613 825 642 ‚
841 589 868 629 v·
881 565 1007 645 Etymol.
1018 586 1112 644 magn.
1128 585 1190 644 pag.
1204 586 1276 642 70¹·

280 671 326 742 cd.
352 669 430 750 Sylb.
447 674 473 732 Sc
492 669 651 732 Eustathius
665 668 696 727 in
719 687 747 729 v.
768 665 886 740 citatos,
903 664 964 743 ipse
979 685 1075 726 tamen
1098 663 1278 738 Eumenius,
1399 739 1400 754 ἶ

273 766 391 850 ⁸spurius
410 768 567 848 Didymus,
591 767 706 828 codices
725 784 826 828 omnes
846 763 942 845 scripti
960 764 1105 844 vulgarem
1123 766 1279 826 leelioncm

280 865 434 936 stabiliunt.
479 866 722 944 Significationern
744 867 823 927 vocis
843 878 941 926 autem
961 885 1020 926 vox
1034 859 1184 924 irradiasse,
1207 882 1280 942 quae

279 963 447 1040 praecellrt,
470 963 533 1026 satis
556 964 694 1042 superque
707 964 839 1026 declarat.
874 965 972 1042 Quid,
991 964 1069 1042 quod
1091 961 1280 1042 hodiequeio

229 1106 231 1112 -
284 1059 394 1123 Celtico
408 1062 567 1124 Britannica
579 1063 673 1142 lingua
686 1064 780 1140 (dans
795 1063 823 1124 le
844 1063 971 1138 Gallois)
982 1064 1079 1147 rbedcg
1092 1077 1174 1126 notar
1187 1061 1280 1144 rapida
1341 1051 1345 1059 ’

282 1153 363 1232 cursu
379 1163 518 1241 profluere.
562 1163 634 1239 Quis
650 1176 746 1224 autem
760 1182 819 1222 non
840 1161 1005 1241 perspiciat,
1033 1183 1118 1240 quam
1141 1161 1279 1242 propead

283 1257 410 1322 Rhodam
429 1278 537 1320 nomen
555 1262 586 1322 id
599 1262 721 1322 nominis
735 1263 876 1327 accedat?
894 1263 1066 1332 Caeterum,
1087 1263 1137 1324 ubi
1157 1265 1194 1324 de
1210 1261 1280 1324 mari

285 1354 437 1432 Tyrrheno
454 1359 579 1436 loquitur
598 1359 715 1430 Vibius,
728 1360 800 1422 illud
817 1379 884 1424 cum
896 1359 1004 1423 Gallico
1024 1361 1084 1422 sinu
1102 1360 1282 1441 confundere

285 1455 409 1519 viderur.
454 1459 559 1533 His,a
582 1461 643 1520 viro
661 1460 785 1536 quodam
802 1459 969 1522 amicillrmo
984 1459 1139 1533 lubniffis,
1157 1460 1282 1534 adjicio,

286 1555 404 1618 Vibium
428 1557 579 1638 Tyrrheno
599 1559 670 1620 mari
685 1558 768 1620 nimis
791 1559 877 1622 latam
899 1559 1130 1638 significationem
1143 1555 1282 1618 tribuere.

283 1652 423 1716 Rhodani
445 1656 540 1720 cursus
562 1673 706 1735 praeterea
732 1661 843 1737 egregie
872 1658 908 1721 ab
938 1661 1091 1722 Ammiano
1111 1655 1284 1720 Marcellino

286 1753 321 1818 L.
347 1755 412 1816 XV.
432 1775 459 1822 c.
483 1757 692 1836 zupingrtur.
738 1758 849 1820 Ollium
862 1760 924 1835 ejus
941 1779 1030 1836 quum
1049 1755 1215 1840 difficilioris
1224 1757 1284 1830 iam

283 1854 359 1916 olim
376 1856 469 1919 aditus
485 1855 547 1918 elle
558 1857 722 1929 videretur,
740 1855 850 1934 partem
866 1859 975 1932 amnis,
990 1855 1061 1918 fossa
1081 1875 1132 1936 per
1149 1872 1284 1932 campum

288 1952 453 2032 lapideum,
473 1957 530 2032 quo
545 1971 662 2018 nautae
684 1955 868 2018 miraculo&
888 1955 947 2034 ipse
976 1955 1112 2034 superiori
1135 1969 1211 2015 anno
1230 1951 1284 2028 stu·

289 2055 360 2130 pui,
379 2056 409 2113 in
426 2053 520 2116 lacum
536 2054 745 2116 lllastramelam
771 2055 913 2128 dedusla,
939 2055 1050 2120 Marius
1072 2051 1223 2132 navigabili
1247 2048 1286 2110 al·

292 2170 347 2211 veo
367 2151 479 2214 effudit.
519 2174 545 2215 v.
557 2154 636 2216 Mela
650 2154 681 2216 L.
695 2153 732 2216 ll.
750 2173 776 2216 c.
802 2175 826 2228 ς,
851 2153 934 2216 Plura
949 2145 979 2214 ir'r
992 2154 1205 2231 jungendorum
1227 2167 1287 2210 ma·

290 2250 365 2310 rium
396 2251 607 2328 fluviorumque
635 2251 830 2314 moliminibus
859 2252 901 2321 de¹
931 2251 988 2312 hoc
1017 2266 1186 2328 argumento
1216 2249 1285 2311 dixi.

293 2347 411 2408 Nomen
427 2348 576 2424 Rhodani,
598 2363 630 2412 ut
645 2366 764 2422 notum,
798 2348 916 2428 priscam
943 2349 1003 2410 fere
1034 2349 1158 2410 formam
1182 2348 1282 2411 servat.

294 2444 463 2507 Germaniae
477 2448 583 2526 fluviis¹
597 2449 670 2510 male
682 2447 854 2513 Rhodanum
873 2447 1003 2511 accenset
1013 2447 1092 2511 lllcla
1104 2450 1136 2512 L.
1151 2447 1202 2512 Ill.
1218 2468 1244 2511 c.
1258 2467 1285 2528 3.

291 2542 338 2607 De
353 2543 426 2606 ostiis
443 2548 503 2622 ejus
523 2568 555 2609 ·v.·
567 2547 673 2612 Plinius
687 2550 717 2610 L.
732 2549 783 2610 lll.
804 2569 828 2625 c.
848 2569 875 2624 4.
892 2549 929 2612 cs.
965 2551 993 2612 ἃ
1014 2547 1163 2612 D'llnville
1192 2548 1289 2610 notice

296 2643 332 2706 de
347 2641 374 2704 la
386 2644 484 2708 Gaule.
510 2647 624 2709 Eridani
639 2648 758 2710 nomine
767 2648 943 2711 Rhodanum
961 2667 1168 2726 nonnunquam
1183 2644 1289 2710 veniffe

294 2744 385 2818 olim,
404 2747 655 2810 moneetoneh'us.
698 2747 731 2809 Id
747 2765 806 2808 non
829 2747 880 2808 nisr
895 2767 945 2825 per
960 2747 1062 2810 vitium
1081 2736 1233 2823 scripturae
1248 2745 1292 2807 fa-

295 2843 512 2908 convicietur.
563 2845 668 2909 Saltem
690 2844 864 2912 doctissimus
885 2847 1074 2910 Schneiderus
1094 2847 1123 2905 in
1142 2843 1291 2921 Oppiani,

297 2963 383 3021 quem
406 2947 538 3019 proximo
558 2943 758 3023 anno,‘·'apud
781 2965 836 3006 nos
848 2946 919 3008 dum
939 2940 1293 3021 haereret,expurgatiffi.
1396 2943 1398 2950 '

297 3060 379 3102 mum
401 3043 490 3102 edidit
505 3041 537 3104 iu
553 3041 665 3118 lucem,
683 3045 715 3109 L.
733 3043 791 3122 lll.
807 3043 952 3100 ἑλιευτιιὸν
987 3065 1016 3108 v.
1041 3052 1117 3119 625,
1140 3041 1191 3104 ubi
1216 3040 1304 3123 lege·

297 3136 380 3201 batur
401 3140 478 3216 prius

487 3218 593 3300 stringor
614 3221 638 3282 δ’
659 3221 792 3300 Ἠριδανοῖο
815 3223 888 3310 vafri
912 3225 984 3300 π’μα
997 3227 1131 3303 &sparsim

488 3324 579 3384 Kamul

299 3422 347 3492 vel
371 3417 480 3502 δεύτερον
499 3419 633 3498 'uaricula
655 3425 710 3486 &a
734 3424 889 3488 commode
913 3423 1032 3488 restituit
1061 3419 1164 3498 limpor
1190 3418 1216 3483 ll
1243 3423 1297 3484 ‘rr-

299 3521 400 3600 lenb3
419 3522 514 3588 forsan
529 3535 625 3588 tamen
640 3522 706 3588 loco
721 3519 748 3580 li
764 3523 812 3586 hic
832 3523 863 3586 sl
894 3524 1074 3603 ponendum.
1118 3523 1156 3588 Ο.

697 3639 890 3751 Strymon

342 3783 408 3857 Sic,
430 3801 498 3843 nam
516 3777 624 3842 Graece
637 3773 765 3855 zrpv'pur·
789 3780 826 3841 de
843 3779 909 3859 gelu
929 3801 957 3843 v.
981 3779 1104 3842 Ovidius
1121 3777 1189 3840 trist.
1215 3775 1248 3839 L.
1261 3775 1297 3838 V.

303 3880 374 3958 eleg.
391 3899 415 3957 3.
435 3900 461 3942 v.
475 3899 522 3942 rr.
541 3879 578 3940 de
594 3878 719 3940 Thracia
731 3899 760 3940 v.
770 3875 899 3942 Lutatius
911 3880 947 3942 ad
961 3881 1040 3943 Statii
1052 3877 1146 3941 Theb.
1159 3877 1193 3940 L.
1204 3875 1258 3942 lli.
1271 3897 1299 3937 v.

307 3985 374 4060 526.
391 3981 417 4043 δι
433 3979 465 4068 L.
477 3979 509 4044 V.
522 4001 549 4046 v.
560 3991 628 4054 188.
640 3991 778 4071 ausser.
820 3977 876 4059 llll.
894 3983 1029 4061 Strymon.
1044 3981 1129 4042 recte.
1143 3989 1300 4040 oaouov·
