2830 4716
277 52 290 99 ἱ

254 291 337 374 206
507 300 692 368 socru
748 294 1061 363 vratodum

251 469 370 551 geletur.
393 462 501 530 Fabula
516 461 571 526 hac
583 458 733 524 occasione
753 458 869 520 recitata
888 476 907 522 a
921 454 1074 522 Plutarcho
1090 458 1255 534 ἰιιιιιοὶιιίι,1

253 571 361 648 quippe
384 563 488 628 lacuna
505 561 591 624 adest.
625 557 721 620 Hodie
742 557 858 616 Pormon
880 558 978 620 vocari
1003 577 1040 620 err
1061 559 1152 638 Nigro
1169 562 1255 624 tradit
1278 602 1284 610 -

253 665 390 730 Ortelius.
426 661 461 724 ln
485 657 582 724 tabula
598 654 751 720 D’rltrvillii
766 655 849 736 prisci
865 656 992 722 dominu
1012 658 1132 766 vestigia
1139 660 1254 729 restant.

254 763 359 828 cemes
387 760 520 824 salutatur
539 757 660 822 flumen.
704 754 744 822 0

616 909 889 1031 Trasymenos
1002 969 1005 974 ,

293 1117 435 1189 Orteliuru
465 1111 486 1180 ll
513 1111 631 1191 audias,
665 1115 741 1177 forte
765 1112 873 1196 Lydiae
903 1110 975 1179 dixit
994 1109 1050 1182 liic
1080 1110 1180 1184 Vibius
1202 1131 1255 1200 pro

250 1217 396 1296 Erneriee,
418 1216 535 1296 a'Lydis
557 1199 690 1294 populis,
732 1213 780 1292 qui
804 1233 868 1276 eam
897 1215 1050 1295 aliquando
1079 1219 1255 1287 habitarunt.

251 1319 401 1401 ingeniose
423 1309 511 1396 magis
533 1330 620 1392 quam
641 1325 717 1374 uere
747 1307 860 1375 Etiamlr
879 1315 956 1376 e'nlnt
970 1313 1053 1377 facilc
1071 1319 1255 1395 crediderim,

251 1421 347 1484 lacum
372 1435 439 1480 cum
464 1415 552 1477 fluvio
575 1410 734 1475 conludille
766 1411 915 1484 nostrum,
951 1425 1097 1492 nunquam
1127 1417 1256 1478 adducar

251 1531 348 1582 tamen
373 1529 405 1577 ut
422 1513 556 1588 credam,
584 1523 651 1573 eum
665 1510 715 1572 hic
736 1511 843 1592 Lydiae
861 1529 970 1574 nomen
989 1513 1094 1575 dedille
1112 1515 1253 1577 Etruriae.
1294 1569 1296 1574 .

250 1617 384 1681 Potiusa
408 1609 527 1674 librariis
553 1623 720 1687 corruptum
745 1607 801 1670 esse
826 1605 926 1674 locum
952 1612 1096 1687 arbitror,
1124 1615 1151 1676 dt
1184 1612 1255 1675 scri-

250 1728 335 1795 ptum
353 1709 436 1772 initio
459 1707 541 1772 foille
567 1703 698 1783 Tusciae:
720 1722 793 1786 quae
810 1725 874 1776 ,vox
899 1707 985 1774 facile
1006 1713 1102 1791 potuit
1129 1715 1160 1774 in
1180 1711 1254 1774 alte=

251 1813 410 1877 ramittam
428 1806 613 1872 immutarier.
661 1805 699 1870 0.

657 1949 839 2088 Thaplus

292 2164 453 2246 Rulrcade,
481 2162 623 2250 oppidum
643 2162 814 2256 Numidiae,
836 2171 924 2234 hodie
939 2171 1079 2255 Sgigude‚
1093 2171 1140 2234 vel
1152 2171 1253 2236 secum

253 2269 325 2332 dum
336 2270 406 2332 alios
421 2269 523 2342 Suom,
539 2267 656 2350 Astora,
669 2267 785 2348 Estote,
805 2269 918 2332 colonia
933 2269 1064 2332 Romana
1082 2272 1138 2336 fuit
1149 2317 1159 2347 ,
1172 2273 1251 2348 teste,

250 2383 312 2431 non
333 2368 450 2446 quidem
471 2363 651 2440 Ptolemaeo,
680 2369 758 2444 quod
776 2355 944 2448 Onuphrius
960 2368 1073 2446 retulit,
1090 2369 1138 2432 sed
1157 2369 1253 2432 tabula

251 2453 469 2540 Theodosrana‚
497 2466 527 2526 in
547 2484 602 2544 qua
618 2463 700 2528 claris
715 2467 809 2529 verbis
831 2467 941 2547 legitur.
963 2465 1094 2545 Thapsus
1112 2469 1254 2548 oppidum

251 2555 360 2643 duplex
379 2580 553 2626 memoratur
579 2562 692 2642 priscis,
730 2563 851 2628 alterum
875 2568 906 2628 in
936 2565 1048 2643 Sicilia,
1076 2565 1196 2629 alterurn
1221 2567 1254 2630 iu

250 2663 347 2726 Africa
368 2664 483 2742 proptia
506 2665 533 2724 u
557 2663 673 2741 quidem
701 2665 848 2740 provincia
864 2665 1013 2744 Byzacena
1039 2652 1142 2728 srturrrss·
1187 2665 1253 2728 Hoc

249 2762 388 2840 posterius
412 2780 491 2824 nunc
508 2757 628 2836 Demsar
648 2763 735 2824 audit.
792 2759 923 2845 Thapsum
947 2763 994 2828 vel
1033 2759 1168 2846 Thapsum
1201 2779 1252 2826 aut

254 2855 372 2942 Tapsam
402 2859 526 2948 fluvium
543 2878 630 2920 nemo
660 2875 790 2922 veteram
817 2865 972 2926 memoriae
999 2866 1133 2942 prodidit
1182 2863 1251 2923 Cuia

252 2943 368 3038 cunque
387 2956 509 3019 liberum
533 2958 618 3035 igitur
641 2959 698 3019 esto
715 2959 824 3022 dehoc
850 2962 1004 3040 Sequestris
1034 2960 1154 3024 articulo
1176 2960 1252 3036 judi·

252 3058 353 3148 cium3
375 3055 485 3132 inquo
512 3074 560 3118 me
581 3055 860 3142 prorsuscaecutire
882 3059 1028 3138 profiteor.
1072 3061 1109 3122 0.

651 3221 844 3338 Triopala

294 3377 418 3448 Difficile
436 3379 565 3462 profesto
586 3383 672 3448 fuerit
692 3386 764 3450 huic·
781 3378 990 3467 corruptilirmo
1019 3383 1086 3450 loco
1109 3385 1251 3449 medelam

253 3484 388 3558 adferre,
411 3481 521 3560 scriptis
539 3485 665 3547 maxime
683 3487 831 3550 codicibus
845 3486 917 3548 nihil
941 3485 1051 3565 uspiam
1072 3484 1144 3548 lucis
1160 3483 1252 3547 affun-

253 3584 396 3649 dentibus.
426 3581 566 3660 Equidem
583 3584 642 3647 duo
663 3585 797 3648 articulos
821 3586 886 3648 heic
904 3586 935 3645 irr
965 3604 1056 3647 unum
1085 3583 1253 3647 confluxilis

251 3681 438 3758 crediderim,
463 3681 510 3744 vel
531 3677 626 3760 purius
645 3684 765 3748 articulo·
786 3699 804 3746 a
827 3683 974 3762 sequestre
986 3671 1103 3762 polito,
1128 3682 1177 3760 qui
1201 3675 1251 3744 hic

252 3786 326 3846 milri
343 3785 456 3845 videtur
477 3779 576 3857 fuille,
604 3782 757 3859 Triocala,
774 3784 863 3864 qui&
884 3777 1019 3860 lslunu,
1039 3783 1136 3861 postea
1153 3781 1255 3843 obscu-

252 3894 315 3948 ta'm
335 3881 455 3958 alicujus
475 3877 554 3942 scioli
573 3867 749 3959 diligentiam
765 3881 897 3968 adleville
908 3879 997 3962 juxte
1020 3880 1130 3941 Alabon
1156 3880 1257 3961 Megas

252 3982 370 4061 armum.
412 3979 565 4044 Posteriora
587 3979 658 4044 haee
675 3981 761 4046 verba
784 3979 842 4046 huc
871 3980 954 4046 trullo
978 3979 1067 4043 modo
1093 3978 1255 4056 quadranty
