2830 4716
265 319 346 414 230
476 326 661 388 morta
718 325 1033 394 vantonum

501 511 640 624 Garga
666 513 744 622 lege
771 511 1007 627 Gargaphia

299 703 333 768 ln
349 706 497 771 Actaeonis
514 704 626 782 fabula,
656 728 741 785 quom
762 724 855 771 narrat
871 709 995 772 Ovidius
1014 722 1130 775 metam.
1148 711 1179 778 L.
1201 711 1257 780 Ill.

259 801 340 866 vallis
371 805 410 865 est
437 805 592 888 Gargaphie
616 805 685 868 vers.
718 827 784 882 155.

386 927 478 989 Vallis
498 946 555 990 erat
577 929 664 1010 piceis
687 930 817 990 &acuta
840 923 920 1005 densa
938 927 1083 1014 capreffu,
1128 937 1132 968 ¹

380 1027 495 1089 Nomine
525 1029 695 1112 Gargaphie,
711 1023 863 1107 fiecemhae
884 1019 970 1104 ῥίνη
995 1032 1135 1094 Dianae:

385 1122 468 1202 Cujus
481 1125 509 1186 in
531 1143 645 1187 extremo
666 1128 700 1208 est
724 1143 829 1192 antrum
849 1126 979 1192 nemorale
999 1123 1100 1206 receffa

381 1225 448 1282 Arte
472 1223 622 1285 laboratum
641 1223 729 1291 nulla.
776 1225 960 1286 Simulaoerat
987 1210 1073 1286 oriem

309 1380 311 1386 ,
384 1322 491 1403 Ingenia
516 1339 615 1380 natura
635 1318 697 1397 sao.
741 1325 816 1382 Nam
832 1325 940 1406 pumice
966 1325 1031 1385 aiva

383 1419 421 1479 Et
445 1417 550 1482 lenibus
573 1420 660 1502 tophis
683 1422 805 1485 nativam
826 1423 943 1486 duxerat
970 1444 1074 1486 artant.

1211 1239 1214 1242 Ι
1275 1183 1288 1220 t

256 1539 350 1616 Hujus
370 1543 406 1604 ad
425 1543 554 1604 dextrum
580 1543 644 1606 fons
661 1545 700 1605 est
724 1547 755 1606 in
774 1546 877 1608 eadem
899 1545 996 1609 fabula
1012 1547 1179 1612 nominatim
1192 1568 1257 1614 non

257 1639 423 1719 appellatus.

381 1740 455 1802 Fons
473 1735 555 1816 hortat
574 1765 593 1802 a
613 1743 710 1806 dextra
737 1742 808 1803 tenui
826 1742 985 1824 perlucidas
1008 1737 1098 1821 unda,
1168 1791 1170 1796 .

380 1841 506 1926 Margine
521 1843 656 1926 gramineo
680 1840 794 1923 patulos
813 1842 942 1902 hainone
966 1843 1067 1904 hiatm.
1130 1851 1132 1857 ’

256 1933 410 2001 Rationem
428 1944 528 2017 poetae
552 1940 675 2018 sequitur
697 1939 856 2002 lactantius
876 1961 984 2020 argum.
1007 1956 1121 2003 metam.
1143 1940 1175 2005 L.
1198 1939 1253 2006 ΙΙΙ.

255 2032 313 2102 fab·
333 2054 361 2100 2.
384 2037 480 2098 Diana
501 2058 580 2124 quant
598 2040 626 2099 in
644 2037 719 2102 ealle
740 2040 910 2122 Gargaphiae
937 2041 1035 2129 aestivo
1061 2059 1173 2124 tempore
1180 2037 1257 2122 seati-

254 2149 323 2215 gata
346 2155 380 2193 ex
398 2134 500 2218 affidua
523 2139 661 2202 venatione
684 2132 715 2220 se
738 2139 777 2200 ad
793 2132 897 2219 flentem
907 2138 1041 2220 perlueret
1051 2160 1066 2210 ,·
1088 2142 1115 2202 ἃ
1137 2138 1255 2216 reliqua.

254 2229 420 2294 Herodotus
443 2249 539 2299 autem
556 2237 652 2298 LIX.
672 2235 759 2296 semel
776 2253 861 2316 atque
879 2238 983 2298 iterum
998 2255 1032 2302 aa
1049 2237 1163 2316 saepius
1194 2256 1256 2304 tne-

257 2329 341 2390 mlnlt
360 2330 403 2390 vit
423 2315 502 2404 epiris
530 2333 573 2395 rie
593 2331 743 2407 Fafyapt'ttt.
779 2336 826 2397 Tria
856 2333 934 2409 aprime
954 2335 995 2396 eir
1016 2334 1166 2410 rapyapiat
1193 2356 1254 2402 me.

257 2442 353 2492 motat
372 2429 517 2493 Pausanias
538 2432 568 2498 L.
592 2432 645 2496 tx.
666 2453 727 2516 cap.
739 2455 768 2508 4.
790 2434 884 2498 Potuit
902 2431 970 2497 valli
991 2451 1100 2494 nomen
1123 2433 1255 2500 indidisse

255 2525 344 2603 fons,
366 2543 415 2596 aut
432 2531 506 2595 fonti
521 2552 557 2593 ex
573 2535 715 2598 contrario
740 2532 829 2594 vallis.
875 2533 974 2610 ltaque
1003 2529 1081 2598 haud
1108 2531 1187 2607 scio,
1218 2551 1257 2593 an

255 2629 333 2692 aethe
349 2628 483 2692 scribatur
497 2633 573 2710 apud
587 2631 700 2698 Vibium
716 2632 746 2694 in
762 2631 819 2697 hoc
836 2630 902 2694 loco
923 2631 1078 2715 Gargaphie
1109 2631 1234 2694 Boeotiae
1242 2649 1257 2705 ‚¹

258 2731 502 2806 quemadmodum
529 2732 632 2809 opinor
654 2729 770 2793 voloilie
786 2729 906 2797 scrihere
922 2731 1008 2796 Herc.
1033 2728 1185 2792 Ciolanum
1204 2727 1258 2790 ob-

257 2825 329 2903 serv.
347 2830 376 2889 in
398 2828 437 2890 l'ui
452 2829 603 2908 municipis
623 2829 717 2892 versus
732 2829 812 2906 supra
829 2829 974 2908 allegatos.
1020 2829 1127 2888 etenim
1135 2826 1171 2888 fic
1187 2825 1253 2902 ille;

257 2925 372 2984 Nomine
397 2927 559 3012 Gargaphie.
597 2929 644 2988 Sic
658 2930 834 2988 emendandas
852 2927 891 3005 est
910 2927 988 2991 locas
1013 2928 1086 2988 Vibii
1105 2925 1228 3014 Sequeslri
1240 2965 1254 2994 ,

257 3024 304 3078 uhi
325 3022 443 3104 loquitur
461 3029 493 3082 de
502 3023 600 3108 fiante,
633 3027 728 3109 inquo
741 3028 862 3092 Achaeon
892 3027 1015 3089 Dianam
1039 3027 1140 3089 trudam
1170 3023 1253 3090 vidit.

263 3120 359 3181 Paucis
378 3137 443 3182 ante
462 3126 562 3192 diebus
576 3126 632 3186 hoc
645 3125 740 3186 nelcio
760 3127 828 3202 quid
841 3144 986 3192 exaratum
998 3168 1007 3198 ‚
1021 3144 1109 3201 quom
1128 3123 1256 3185 animad-

260 3219 353 3293 verti,
366 3222 538 3292 Bochattum
557 3224 648 3288 Chao.
668 3223 698 3286 L.
717 3223 739 3284 l.
762 3244 825 3301 cap.
850 3233 894 3290 to.
909 3234 1050 3308 pag.428.
1072 3222 1261 3288 &muncke-

259 3342 324 3385 tum
338 3323 373 3384 ad
386 3322 494 3400 'Hygini
511 3322 568 3386 fab.
592 3334 667 3407 ¹8l²
692 3341 764 3400 quos
793 3323 938 3388 consultos
955 3322 1063 3397 velim,
1098 3323 1259 3410 Gargaphia

260 3422 428 3484 Boeotiae&
454 3422 608 3507 Gargaphie
623 3421 748 3482 Boeotiae
771 3422 819 3484 hic
839 3421 942 3500 legere.
980 3421 1096 3484 Scilicet
1111 3439 1170 3480 rem
1185 3438 1258 3480 con·

243 3521 320 3582 'ficit
339 3521 443 3582 Plinius
463 3538 520 3581 nat.
538 3520 599 3581 hist.
623 3521 653 3582 L.
671 3519 719 3582 IV.
734 3540 795 3598 cap.
814 3541 841 3596 7.
867 3522 1010 3580 Praeterea
1021 3511 1114 3598 fontes
1133 3517 1257 3577 inlioeo·

258 3625 300 3682 tia
333 3622 484 3704 Oedt'podt'a
494 3663 506 3690 ‚
541 3622 713 3698 Psetmmate,
747 3619 834 3682 Dirce
841 3663 866 3695 ,Ι
889 3619 1044 3701 Epigranea
1051 3659 1063 3686 ‚
1100 3608 1238 3690 Arethusa
1248 3655 1262 3689 ,

209 3795 211 3800 ι
259 3723 427 3804 Hippocrene
438 3763 450 3790 ,
477 3719 617 3802 Aganippe
623 3761 635 3788 ,
661 3718 825 3799 Gargaphie.
849 3717 1008 3780 Martianus
1026 3713 1142 3792 Capella
1160 3712 1193 3777 L.
1206 3711 1257 3774 VI.

258 3837 322 3896 pag.
342 3840 412 3885 210.
434 3821 495 3878 Nee
510 3817 625 3876 Athenis
656 3817 752 3874 cedunt
772 3818 926 3891 Boeotiae,
946 3815 1084 3894 inquibus
1099 3812 1238 3894 Epigrarte
1246 3851 1259 3880 ,

207 3961 208 3966 κ
260 3915 413 3993 Arethusa,
439 3916 627 3998 ffippocrene,
646 3915 808 3998 Aganippe,
835 3915 998 3998 Gargaphie.
1022 3915 1049 3976 &
1074 3912 1200 3975 Lutatius
1222 3909 1261 3970 ad

262 4015 343 4078 Statii
360 4016 454 4078 Theb.
472 4018 503 4079 L.
522 4016 585 4078 Vll.
609 4019 678 4077 vetl.
693 4033 764 4092 274.
793 4015 975 4100 Gargaphye)
993 4013 1064 4072 fans
1079 4010 1192 4071 Dianae
1211 4021 1261 4066 aut
