2798 4710
537 291 778 414 boa
1114 323 1153 396 v

149 497 274 570 debeat
294 493 446 588 pretium
463 543 475 576 ‚
491 493 735 585 intelligamus.
765 493 891 577 Reile,
913 519 988 570 mee
1005 499 1147 590 quidem

146 607 339 691 sententia,
364 606 405 676 de
436 631 477 678 eo
498 607 668 699 judicavit
685 603 852 680 Helselius
871 611 910 682 in
931 611 1144 703 praefatione

149 723 314 794 editionis
332 717 411 790 suae
431 718 473 790 ad
491 721 600 792 Hadr.
626 720 819 794 Relandum
858 776 880 811 ‚,
898 725 1054 818 Scriptor
1074 729 1142 813 est,

147 883 176 919 „
203 833 265 907 nili
289 829 410 906 multis
426 836 464 905 in
487 836 571 905 locis
588 835 817 926 interpolatus
839 831 882 907 fit
905 839 1146 918 incredibilem

150 997 177 1032 „
201 951 239 1020 in
257 948 423 1038 modum,
447 971 520 1018 non
537 950 653 1041 magni
669 948 793 1040 judicii
813 971 1024 1045 magnaeque
1041 949 1145 1027 facul·

144 1111 172 1145 „
199 1065 303 1146 tatis,
319 1085 383 1132 nec
396 1078 510 1134 tamen
525 1057 588 1133 scit
603 1059 705 1132 nihil.
725 1061 790 1135 sed
806 1061 941 1135 estnon
958 1067 1106 1139 inutilis.
1119 1120 1143 1159 ‚,

145 1175 256 1248 Paulo
271 1173 346 1268 post
365 1177 415 1246 ita
436 1176 549 1268 pergit
565 1174 659 1246 idem
690 1176 983 1264 „Animadvertes
998 1183 1147 1263 ‚miRe.

147 1346 169 1383 „
194 1289 591 1380 lundesnonnunquam
608 1288 843 1381 sequestrem,
864 1292 968 1383 dum,
984 1297 1145 1388 plurimis

148 1455 169 1491 ‚‚
196 1426 312 1475 unum
341 1403 515 1475 inlocum
539 1405 664 1474 coailis
699 1405 834 1496 poetiq,
871 1409 967 1498 quod
995 1407 1146 1502 quisque

149 1568 169 1606 „
198 1513 468 1591 commodiffime
491 1519 685 1609 praecipere
710 1516 896 1591 videbatur
930 1519 971 1591 de
1005 1545 1145 1616 geogra-

151 1685 170 1720 „
198 1629 279 1723 phin
296 1627 484 1724 excerpfit,
506 1631 539 1702 bt
558 1654 602 1700 ex
631 1633 738 1702 variis
761 1634 913 1726 ingeniis
947 1633 1146 1712 obscuriora

152 1803 174 1838 „
200 1769 357 1846 quaeque
377 1769 417 1817 ac
430 1747 567 1817 notiora
590 1743 735 1830 libavit,
765 1747 797 1818 ἃ
820 1742 865 1818 fic
885 1747 1059 1841 quidquid
1078 1747 1147 1820 hoc

155 1883 181 1928 >a
205 1859 311 1930 libelli
327 1857 375 1930 est
393 1881 431 1932 ac
449 1859 701 1950 qualecumque
721 1855 893 1932 confecitc
930 1861 1148 1934 animadver„

152 2021 175 2060 „
204 1989 275 2060 tes,
300 1975 464 2065 inquam,
497 1971 713 2064 Sequestrem
738 1974 874 2065 poetico
907 1997 1003 2046 more
1032 1999 1147 2046 exem.

150 2138 172 2177 ‚,
200 2087 328 2178 ploque
357 2089 525 2159 terminos
549 2088 731 2178 aliquanto
753 2088 859 2160 latius
877 2083 1021 2182 pegille,
1042 2111 1148 2181 quam

150 2253 173 2290 „
199 2197 306 2293 ipfius
325 2203 477 2296 regionis
495 2223 625 2271 nomen
644 2199 844 2296 postulabat.
895 2203 971 2286 Nec
996 2205 1145 2286 mirum,

151 2367 174 2403 ,,
202 2339 313 2407 quum
331 2339 390 2408 per
407 2315 565 2408 ambages
591 2315 817 2408 Deorumque
840 2313 1028 2387 ministeria
1048 2319 1081 2387 &
1097 2312 1147 2388 faq

150 2481 172 2518 ‚,
200 2427 362 2502 bulosum
379 2425 630 2502 sententiarum
664 2445 880 2502 tormentum
901 2418 1147 2522 praecipitatus

152 2539 308 2630 „luerit
334 2543 419 2616 liber
435 2540 582 2636 spiritus
600 2565 743 2624 eorum3
776 2560 817 2615 ut
845 2545 964 2635 potius
997 2538 1147 2614 furentis
1225 2587 1228 2594 ·
1254 2538 1259 2558 ⁸

149 2715 171 2752 „
202 2660 312 2728 animi
326 2660 522 2730 vaticinatio
537 2676 737 2750 appareret,
752 2680 856 2749 quam
877 2651 1054 2749 religiosae
1069 2677 1146 2725 ora-

148 2825 171 2862 „
199 2774 311 2844 tionis
336 2768 397 2844 iub
412 2771 557 2845 testibus
580 2767 692 2860 fides,
727 2767 814 2843 ficut
838 2770 1025 2862 elegantiae
1057 2766 1148 2836 dixit

150 2947 173 2984 ‚‚
197 2887 352 2968 arbiter3
378 2885 404 2959 sr
428 2883 593 2958 nonnihil
621 2879 779 2956 diversus
806 2879 863 2952 hic
889 2878 1004 2958 noller
1023 2878 1148 2948 abierit

150 3001 369 3094 „ejuratis
400 3018 511 3073 terrae
550 2995 778 3092 mensoribus.
840 2997 974 3069 Tamen
1006 2993 1148 3066 Lucano

150 3168 173 3203 ‚,
199 3116 405 3207 plerumque
426 3111 595 3186 adhaesit:
614 3137 719 3205 quem
733 3114 796 3204 qui
814 3111 1017 3204 negaverint
1035 3110 1148 3178 omni«
1258 3191 1263 3208 ,

150 3279 172 3317 „
200 3251 247 3298 no
270 3224 411 3321 prorsus
433 3229 625 3321 Apollinari
657 3227 772 3298 laurea
807 3221 902 3297 fuilse
924 3222 1145 3304 donandum,

153 3342 325 3418 „utpote
359 3351 469 3420 quum
493 3349 611 3397 rerum
646 3328 686 3396 in
719 3325 809 3396 bello
841 3320 1022 3416 plusquam
1051 3321 1149 3393 civili

155 3493 175 3536 ῃ
203 3438 376 3533 gestarum
393 3443 639 3534 pronuntiator
660 3435 811 3514 lincerus
838 3439 869 3509 ἃ
892 3433 1029 3531 grandis
1045 3436 1150 3507 etiam

157 3604 174 3638 a
200 3548 318 3644 fuillee
337 3547 468 3648 magis„
496 3578 599 3646 quam
625 3563 727 3648 poeta
755 3554 878 3646 plenus
901 3569 1006 3642 arque
1034 3540 1115 3640 perf
1130 3586 1149 3608 -·

165 3717 182 3751 ,‚
203 3671 281 3740 ctus
294 3697 305 3748 3
328 3693 401 3770 quo
425 3669 526 3763 jure,
552 3691 690 3762 quaque
714 3667 862 3762 injuria,
883 3687 956 3735 non
978 3661 1026 3733 est
1053 3659 1149 3752 quod

163 3830 185 3872 2,
204 3779 379 3860 cdifferam
400 3783 490 3859 tibi.¹
516 3777 570 3856 At*
581 3767 675 3854 enim
695 3782 788 3854 idem
801 3778 863 3854 iste
886 3797 1028 3880 quoque
1060 3789 1152 3854 cete*

520 3927 522 3933 ’
646 3949 728 4049 >tt
