2780 4712
264 298 318 394 64
493 305 677 372 novun
735 297 1049 365 viatorum

263 473 384 539 tandum
398 469 429 532 ln
436 468 546 549 Ampor
566 462 646 526 uvir,
662 479 729 524 cum
748 460 861 523 codices
874 461 1034 524 constanter
1051 462 1175 526 habeant
1193 485 1255 526 car·

262 593 335 645 ms,
362 565 440 630 uarie
462 569 489 629 rr
510 566 621 645 Asopos
641 560 712 622 boni
733 560 884 622 commatis
910 572 1007 638 putet,
1046 559 1118 624 haec
1143 561 1254 627 effutit:

262 713 285 750 „
307 669 439 733 Tandem
461 666 515 726 &c-
541 666 592 738 (v.
621 659 707 722 Corn.
738 659 775 720 de
807 658 872 721 Paw
905 658 991 721 verba
1009 661 1098 722 modo
1119 661 1256 739 relata)3

260 769 341 834 Haec
358 773 495 826 notatam
518 756 649 838 singulari
671 758 799 820 roenna
813 756 999 820 sane'reserta
1019 761 1075 834 est,
1105 775 1138 822 ut
1151 762 1255 824 Pavum

262 866 376 932 credam
410 878 461 939 per
494 858 661 936 quindecim
691 855 832 919 brumales
854 859 953 918 nosses
983 858 1032 935 ipss
1065 858 1258 923 dostrinnrum
1374 865 1375 890 ¹

260 967 339 1030 Deae
355 954 470 1022 nemesis
492 951 569 1033 isin
584 953 752 1020 incubuisse.
795 954 889 1017 Primo
911 955 988 1016 enirn
1013 955 1163 1031 discimus,
1182 959 1257 1021 insu.
1373 955 1375 964 ⁴

259 1063 318 1125 iam
337 1057 461 1122 Sicisianr
475 1056 506 1116 in
524 1071 634 1118 oceano
655 1053 734 1116 irtam
750 1052 823 1129 esse,
854 1057 882 1116 dr
905 1055 936 1114 in
962 1065 1027 1116 etun
1049 1054 1078 1116 se
1100 1067 1256 1120 exonerare

260 1164 412 1239 Anapum,
425 1175 485 1217 non
500 1155 531 1215 in
546 1155 684 1230 maj0rem
698 1165 813 1231 portum
827 1151 1044 1231 Syracusanum.
1087 1155 1161 1216 Nam
1181 1157 1257 1218 Ges:

260 1259 413 1341 graphice,
438 1257 466 1316 dr
486 1265 517 1314 ut
538 1255 598 1326 jam
623 1262 686 1312 tum
702 1251 842 1313 meditans
861 1270 967 1312 novam
986 1250 1123 1330 Stephani
1144 1255 1194 1309 ret
1213 1255 1256 1308 ns.

259 1375 320 1418 am
343 1354 514 1425 editionem,
529 1349 577 1411 hic
597 1347 721 1426 loquitur
737 1348 831 1423 Pavo,
854 1365 914 1410 non
930 1351 1062 1429 poetice3
1085 1347 1141 1429 qua'
1157 1350 1255 1428 lingua

258 1453 326 1518 sane
346 1453 479 1514 Oceanus
494 1445 646 1526 aliquando
666 1465 743 1508 mare
762 1448 1002 1512 mediterraneum
1018 1462 1117 1524 notat,
1140 1449 1188 1511 scd
1197 1469 1253 1527 qua

259 1547 348 1613 semel
370 1549 459 1609 modo
479 1547 509 1607 in
533 1559 605 1608 aevo
636 1546 724 1608 utitur
754 1545 869 1620 Pavo,-
918 1589 1250 1614 .......

260 1646 394 1714 Secundo
418 1643 550 1707 discimus
568 1643 651 1718 pse&
666 1643 716 1705 hic
730 1659 830 1706 notare
853 1641 998 1724 trajetium.
1019 1691 1022 1698 .
1046 1645 1106 1722 Ego
1126 1657 1255 1722 putaram

259 1748 360 1826 aspro»,
388 1743 467 1807 unde
487 1739 596 1817 rapior,
620 1742 651 1804 id
665 1756 782 1808 notare:
807 1755 835 1805 at
846 1743 1009 1821 giganteum
1030 1740 1109 1804 illum
1127 1731 1256 1805 faricium

259 1845 417 1922 xvropo'pv'
435 1842 564 1916 dissum,
592 1842 657 1919 quia
683 1838 792 1906 sactum
815 1859 887 1904 onus
918 1841 1044 1902 humeris
1078 1860 1128 1918 per
1147 1841 1260 1904 flumen·

259 1946 393 2024 jordanis
418 1939 652 2020 transportasset,
677 1944 704 2003 &
725 1941 791 2003 sane
807 1939 902 2000 alveus
924 1936 1048 2020 superior
1068 1940 1160 2016 Anapi
1191 1953 1258 2017 apte

260 2045 319 2106 dici
335 2043 479 2104 videretur
495 2034 718 2121 Anaposphoros,
741 2040 806 2116 quia
822 2040 862 2099 ita
885 2037 1011 2098 humeris
1035 2037 1109 2112 quast
1124 2041 1257 2116 Anapum
1350 2091 1352 2099 ,

260 2140 381 2201 fluvium
403 2136 540 2208 veheret,
557 2149 612 2194 nec
627 2136 799 2195 inconcinne
816 2133 891 2194 alvei
916 2135 1046 2194 dicantur
1067 2137 1187 2210 varlare,
1213 2160 1259 2196 ve·

260 2237 318 2300 dere
341 2253 438 2314 aquas.
496 2230 595 2293 Tertio
613 2229 681 2290 hinc
698 2229 847 2302 discimus,
876 2230 999 2290 Graecos
1015 2229 1104 2291 solere
1127 2234 1256 2313 integra,

259 2353 320 2398 non
336 2332 366 2393 in
379 2331 437 2392 fine
452 2329 558 2403 frasta,
574 2326 712 2388 vocabula
729 2345 919 2404 componere,
934 2346 1019 2403 quare
1030 2329 1144 2392 codices
1155 2352 1257 2396 omnes

262 2442 413 2508 corruptos
428 2439 500 2505 puto
517 2427 548 2487 iu
567 2443 640 2488 voce
662 2426 812 2501 xyropo'por
833 2424 1022 2493 &similibus
1066 2428 1258 2494 Scribendum

261 2531 340 2593 enim
355 2526 533 2602 xororoo‘po
549 2537 583 2588 ut
596 2522 783 2600 iveaeoopspr,
798 2523 836 2588 irc
855 2525 931 2588 eninr
948 2545 1062 2605 quoque
1076 2526 1169 2605 ipsum
1185 2527 1257 2590 illud

259 2626 393 2702 russeo
406 2659 413 2683 2
427 2618 466 2686 stc
481 2622 649 2699 anamodo»
669 2622 698 2683 ἃ
719 2625 883 2700 canucio-
898 2623 999 2688 uaria.
1024 2623 1208 2690 o'onvrmn
1227 2629 1256 2687 ὶιι

261 2724 358 2788 critica
372 2743 463 2784 vunnu
476 2741 506 2800 p.
526 2739 561 2800 71
574 2719 615 2800 sq.
677 2719 712 2782 In
728 2717 793 2782 loco
805 2723 903 2786 vitiato
919 2726 1001 2786 &tot
1018 2724 1166 2785 dociorum
1181 2723 1256 2782 viro-

259 2845 326 2888 rum
335 2821 505 2899 conjecturis
529 2834 633 2885 vexato
651 2820 682 2882 id
699 2822 787 2884 modo
801 2823 882 2884 nobis
903 2822 988 2884 licere
1001 2821 1149 2890 duximus,
1172 2819 1251 2894 quod

261 2923 376 2986 codices
393 2920 487 2996 scripti
499 2933 623 2986 tuentur.
648 2918 747 2996 ltaque
763 2922 859 2978 Ancus
876 2916 1050 2992 reposuimus
1066 2933 1119 2991 pro
1129 2918 1251 2992 Arrecus,

259 3017 390 3093 reliqua,
407 3030 439 3076 ut
455 3015 588 3089 leguntur
605 3016 635 3074 in
656 3014 781 3074 editione
801 3011 931 3087 Hesielii,
950 3011 1122 3074 servavimus
1140 3013 1252 3078 eadem.

260 3114 366 3190 Neque
379 3109 526 3176 Cluverius
541 3110 605 3169 heic
623 3105 710 3170 ullam
731 3107 873 3170 medelam
894 3108 994 3171 afferre
1007 3109 1083 3172 malo
1096 3111 1135 3172 est
1150 3111 1255 3184 ausus,

259 3213 321 3271 imo
334 3225 433 3284 parum
444 3205 537 3280 abest,
554 3207 623 3283 quin
639 3203 757 3282 iocum,
774 3206 862 3285 qualis
875 3220 973 3285 extat,
991 3208 1040 3272 suo
1065 3208 1175 3272 calculo
1190 3229 1256 3289 pro-

257 3307 318 3370 bet.
333 3303 376 3364 Ita
390 3302 438 3362 itte
449 3303 504 3364 Sic.
523 3315 582 3366 ant.
603 3303 634 3366 L.
648 3301 671 3368 Ι.
683 3323 709 3366 c.
723 3322 769 3384 η.
785 3324 813 3383 p.
831 3314 895 3382 176.
939 3310 1091 3387 „Anapus
1110 3309 1254 3387 hodieque

259 3449 282 3484 ‚,
305 3409 433 3480 tempore
446 3401 551 3463 aestivo
570 3400 634 3464 Vll.
652 3402 763 3466 circiter
781 3403 906 3467 missibus
919 3405 1048 3484 passuum
1063 3406 1097 3468 ab
1109 3407 1178 3468 osiio
1196 3405 1254 3466 sese
1305 3455 1307 3466 .

260 3547 283 3583 „
304 3499 438 3566 cuniculo
459 3501 588 3562 condens
606 3499 668 3579 post
683 3501 719 3567 V.
741 3503 857 3564 tandem
880 3503 967 3566 miliia
976 3502 1128 3567 renascitur
1140 3525 1148 3578 ;
1161 3502 1256 3580 limpi-

262 3647 284 3682 „
306 3600 478 3678 diffimuque
497 3600 565 3662 hinc
592 3601 769 3678 aquisatque
791 3601 945 3680 profundis
971 3604 1001 3663 in
1025 3621 1101 3664 mare
1123 3598 1254 3662 devolvi·

262 3745 284 3780 „
310 3715 364 3764 tur.
407 3697 553 3762 Vocabula
576 3697 623 3762 isla
639 3701 700 3774 ejus
716 3700 792 3777 apud
814 3699 929 3762 Vibium
957 3680 1079 3779 plurima
1107 3698 1148 3762 sui
1173 3709 1257 3776 parte

262 3837 285 3878 „
307 3799 361 3861 erte
378 3800 491 3876 vitiata,
515 3800 573 3876 jam
589 3799 700 3862 dudum
720 3796 849 3878 suspicati
872 3798 938 3863 sunt
955 3800 1008 3866 viri
1029 3796 1115 3862 doci.
1203 3794 1258 3857 Su·

1045 3973 1047 3980 .
1159 3917 1256 3998 perior
