2830 4716
459 297 566 382 ‘ao
638 317 846 406 sonans
1074 329 1150 410 aaa

151 499 174 570 '„
196 484 270 552 tium
289 481 330 546 nil
350 478 400 544 nlA
417 477 573 560 priscorum
590 476 768 540 sacerdotum
785 479 976 558 figmentum,
1003 484 1154 564 poetarum

150 631 175 668 ‚,
200 585 351 666 postmodo
385 578 559 643 carminibus
586 575 828 639 concelebratum
858 623 880 653 „
942 579 1048 658 Porro,
1081 603 1154 662 quae

152 685 313 765 Brydonius
333 681 371 742 de
391 677 500 757 duplici
519 677 593 740 fonti
613 677 720 750 refert,
748 674 837 738 altero
852 678 1030 756 Arethusae,
1065 681 1155 745 altero
1284 759 1289 776 ¹

153 785 227 849 Alsei
250 803 286 844 ex
308 779 393 844 oculo
423 777 530 840 Zilicae
558 788 742 854 emergente,
779 776 879 837 eadem
901 778 960 852 jam
984 780 1094 842 Aretius
1126 784 1155 844 dt
1278 795 1285 808 ‘

154 880 326 955 Mirabclla,
342 877 391 942 ille
412 878 442 938 in
466 871 813 954 chorographiaSiciliae,
837 874 884 935 hic
908 876 938 936 in
958 873 1157 955 Syracusarum

153 979 342 1060 topographia
373 977 544 1050 docuerat,
592 977 714 1052 quorum
747 971 810 1033 loca
844 972 957 1050 profert
994 971 1155 1044 Cluverius.

155 1124 178 1156 „
201 1082 238 1142 At
255 1075 337 1156 prisci
362 1075 402 1137 illi
428 1072 581 1148 mortales,
599 1073 637 1133 ita
654 1071 746 1132 rursus
772 1072 876 1152 idem,
909 1093 968 1133 non
986 1074 1052 1162 ¹hoc
1076 1075 1157 1140 fonte

155 1221 177 1254 „
202 1176 344 1254 Alpheum
364 1187 527 1252 emergere,
553 1171 602 1232 sed
620 1169 679 1248 ipso
695 1169 849 1232 Arethusae
862 1190 912 1232 ore
934 1171 1121 1237 tradiderunt.
1136 1221 1156 1250 „
1198 1221 1200 1225 ,
1318 1197 1320 1203 ·

157 1274 284 1338 Cluverii
302 1275 479 1347 dominam,
502 1283 602 1333 contra
621 1269 679 1344 Jac·
703 1270 834 1331 Ronanni
856 1267 1068 1349 sugillationes,
1097 1275 1159 1352 qui·

158 1373 213 1436 bus
233 1393 297 1436 eam
323 1374 355 1434 in
374 1371 516 1451 Syracusis
538 1369 679 1432 illustratis
706 1367 876 1444 infestatur,
916 1371 1047 1433 defendit
1066 1364 1158 1434 D'Or.

159 1471 256 1534 villius
282 1473 312 1533 in
333 1470 433 1534 Siculis
460 1469 496 1532 T.
523 1469 545 1531 1.
575 1488 638 1546 cap.
659 1488 704 1529 rr.
737 1469 786 1546 qui
811 1467 894 1530 simul
923 1471 1040 1545 adjicit,
1059 1465 1158 1532 'hodie
1223 1489 1224 1499 ¹

160 1571 315 1634 Arethusae
341 1590 442 1649 aquam
462 1588 521 1630 non
540 1567 589 1629 nist
607 1567 739 1628 lavandis
761 1566 883 1632 vestibus
900 1568 974 1629 intra
991 1589 1104 1633 murum
1116 1571 1160 1632 in·
1276 1587 1279 1594 ⁴

158 1667 281 1744 servire,
305 1675 385 1730 eastra
408 1688 522 1730 murum
547 1667 583 1728 ad
604 1664 750 1728 decimum
770 1666 858 1743 usque
872 1667 979 1744 pallum
997 1673 1024 1732 dt
1041 1671 1114 1734 ultra
1126 1675 1159 1735 in

157 1767 219 1846 ipso
249 1769 317 1830 mari
340 1786 407 1830 eum
422 1768 532 1828 fontem
559 1765 698 1846 continpo
725 1783 861 1842 aquarum
888 1783 969 1830 motu
1000 1770 1157 1848 cognosci,
1279 1803 1281 1806 ·
1307 1771 1313 1778 ’

160 1866 307 1946 quousque
341 1868 403 1942 ejus
432 1863 629 1942 scaturiginem
653 1863 795 1941 pertinere
828 1879 937 1928 certum
962 1867 1010 1933 eli.
1061 1869 1160 1932 Muni-

159 1979 292 2026 mentum
310 1966 459 2026 etiam2&
481 1962 605 2034 molem,
628 1962 750 2041 quibus,
773 1961 912 2026 Cicerone
936 1967 1003 2027 teste
1023 1969 1055 2028 in
1070 1970 1161 2032 Verri·

160 2083 199 2124 na
214 2062 272 2136 lV,
302 2081 318 2124 a
341 2063 428 2124 {iustu
454 2061 679 2138 defendebatur,
704 2082 782 2124 nunc
807 2083 909 2143 magna
929 2084 965 2126 ex
992 2066 1073 2145 parte
1094 2089 1161 2132 era.

161 2157 252 2222 nuisse
273 2161 400 2242 itemque
422 2161 527 2239 pisces,
561 2161 663 2238 quibus
693 2161 856 2225 abundabat
877 2163 956 2226 olim.
996 2167 1161 2234 ‚Arethusae

160 2279 271 2322 nomen
290 2261 415 2338 denique
435 2263 462 2323 ἃ
479 2260 601 2323 urbibus
625 2259 793 2339 quibusdam
811 2263 841 2322 in
861 2261 1050 2339 Macedonia,
1070 2269 1101 2328 in
1109 2269 1161 2348 Sy.

159 2363 220 2436 ria,
243 2361 273 2420 in
291 2362 392 2422 Arabia
415 2379 571 2422 commune
591 2359 654 2421 suit.
699 2361 779 2437 Quiri
800 2361 938 2424 &fontes
972 2367 1159 2443 cognomines

162 2474 318 2522 occurrunt
335 2459 509 2539 Syracusano
526 2459 557 2520 in
579 2458 669 2521 insola
683 2457 798 2536 Ithaca,
815 2460 846 2520 in
862 2459 996 2538 Euboea,
1014 2465 1044 2525 in
1055 2465 1160 2551 Magna
1231 2493 1244 2530 a
1303 2438 1310 2497 ’Δ

165 2559 308 2629 Graecia,¹
324 2557 400 2622 olibi.
426 2579 452 2622 v.
470 2556 606 2622 Ortelius.
653 2557 690 2620 Ο.

546 2735 774 2826 Clitumnus

210 2937 361 3016 Clitumnus
381 2937 506 2998 Umbriae
527 2938 620 3018 inquit
636 2936 735 3000 Vibius
750 2934 787 2998 de‘
802 2933 913 2998 flumin.
951 2935 1042 3016 Siquis
1064 2951 1161 3002 autem

165 3039 293 3114 miraris,
317 3039 465 3117 quomodo
496 3035 645 3097 Clitumnum
671 3035 817 3099 Meuaniae
848 3033 925 3096 idem
947 3036 1003 3097 aiat
1025 3036 1062 3097 de
1088 3037 1162 3102 sont.

165 3137 242 3199 habe
260 3137 417 3198 testimonia
440 3133 628 3213 scriptorum3
651 3137 700 3213 qui
721 3133 814 3206 verbis
833 3133 908 3212 quast
928 3134 1091 3212 praeterint
1119 3137 1174 3200 De·

166 3235 286 3298 flumine
306 3234 432 3314 loquitur
456 3233 588 3314 Virgilius
608 3235 711 3312 Georg.
739 3234 772 3302 L.
790 3233 827 3297 ll.
847 3231 917 3299 vers.
939 3242 1004 3309 146.
1038 3236 1164 3314 (locum

167 3334 235 3396 vide
251 3353 280 3412 p.
305 3335 395 3409 ror.)
419 3333 582 3412 Propertius
605 3333 675 3396 item
691 3333 722 3396 L.
740 3333 776 3396 ll.
800 3331 874 3412 eleg;
888 3333 954 3396 XV.
981 3336 1050 3398 vers.
1071 3355 1120 3414 ας.

1376 3005 1395 3045 Ι

295 3459 361 3536 Qua
373 3452 494 3538 formosis
515 3451 568 3533 suo
593 3457 743 3518 Clitumnus
758 3457 874 3536 flumme
896 3455 961 3528 luco

267 3549 270 3556 ’
333 3557 432 3640 sategit
437 3599 449 3628 ,
475 3557 502 3618 ss
527 3556 618 3620 niveos
647 3556 735 3616 abluit
752 3557 825 3617 undu
851 3557 941 3626 boues,

166 3679 212 3744 De
227 3678 308 3741 sonte
330 3683 357 3742 dt
376 3680 495 3742 flumine
512 3682 569 3760 agit
584 3681 689 3744 Plinius
705 3681 735 3743 L.
773 3680 851 3742 Vlll.
875 3681 954 3758 epist.
979 3692 1007 3752 8.
1034 3681 1083 3744 ubi
1114 3684 1170 3748 Cli.

169 3790 288 3840 tumnus
306 3777 499 3858 pulcherrime
523 3781 698 3858 depingitur.
743 3780 823 3858 Quin
847 3780 933 3842 etiam
946 3780 1032 3843 'lacus
1063 3782 1171 3870 dicitur

169 3877 342 3958 Philargyrio
358 3878 393 3940 ad
408 3877 517 3956 Virgilii
534 3879 637 3956 Georg.
661 3879 691 3942 L.
706 3879 745 3942 ll.
775 3877 844 3942 vers.
862 3897 930 3958 147·
957 3878 1110 3942 Clitumnus
1139 3883 1169 3950 ὑ

173 3978 254 4038 Deus
269 3979 297 4040 6⁴
314 3977 393 4038 lucus
409 3977 437 4038 in
450 3975 553 4057 finibus
577 3971 788 4061 Spoleshuorum,
798 3976 801 3982 ’
811 3999 846 4039 ex
867 3998 919 4060 guo
936 3979 1051 4040 bibentia
1066 3977 1166 4063 peiora
1180 3978 1186 3988 ”
