2800 4716
272 311 351 417 362
480 319 667 382 norro
726 319 1050 383 vaaroaum

264 477 328 568 ipfit
350 481 487 562 Pyrenaei
503 477 576 564 juga
597 479 633 539 ab
657 494 752 539 annu
782 475 969 558 aeqrtr'nofsiasi
990 475 1060 558 [ψ
1089 477 1119 540 in
1142 478 1254 560 occasun

268 580 437 655 brumalem,
464 581 596 640 breuiores
628 575 712 636 latere
732 571 936 657 septentrionali
957 597 1036 658 quam
1053 579 1197 641 meridiano
1211 585 1256 644 ssi.

261 675 376 762 spanias
393 673 511 770 fheere,
533 673 732 748 eruditorum,
754 673 784 732 in
803 672 851 733 his'
873 673 996 735 Pintiani
1018 676 1255 755 &Sepulvedae‚

264 776 370 840 torsere
387 775 514 858 ingenius
542 773 612 834 Non
634 770 845 835 sollicitandum
873 770 928 832 esse
958 772 1040 835 Plinii
1077 775 1195 846 locum,
1224 799 1256 840 ex

263 875 361 940 Melae
383 873 476 935 verbis
511 872 545 933 L.
568 871 607 938 ΙΙ.
628 889 655 937 c.
679 877 708 932 6.
743 870 826 933 facile
857 871 1120 949 interpretandum,
1143 875 1258 937 ostendit

262 975 427 1038 Harduinus
443 973 473 1032 in
494 971 570 1032 notis
589 973 617 1032 dt
634 967 893 1031 emendationibus.
939 970 982 1032 Ex
996 970 1140 1048 Pyrenaeo
1163 992 1255 1034 munte

157 1108 161 1121 ·
263 1073 388 1136 defluere
406 1069 591 1141 lstrum,srbi
617 1067 789 1148 persuaserat
802 1066 962 1128 Aristoteles
984 1089 1011 1130 v.
1029 1070 1178 1131 meteorol.
1193 1071 1222 1134 L.
1234 1072 1254 1134 l.

262 1191 288 1242 p.
317 1190 363 1248 ¹3·
386 1173 407 1232 A
425 1169 513 1231 Celtis
530 1183 616 1247 atque
638 1167 709 1230 urbe
734 1166 856 1245 Pyrrene
882 1167 991 1228 derivat
1011 1171 1071 1244 ejus
1089 1170 1182 1231 sontes
1202 1172 1257 1233 He-

261 1269 381 1331 rodotus
401 1267 433 1346 L,
456 1267 492 1334 11.
513 1287 541 1333 c.
568 1285 615 1344 33.
638 1265 724 1327 falsus
748 1279 877 1344 uterque.
902 1267 1033 1330 'Rerum
1056 1269 1092 1336 in¹
1113 1270 1256 1348 Pyrenaeis

260 1366 495 1446 provenientium
516 1362 715 1442 amplissimam
734 1365 827 1425 omnis
843 1367 954 1444 generis
976 1367 1106 1444 copiam,
1126 1370 1198 1430 mira
1213 1371 1255 1430 in·

259 1465 363 1528 dustria
386 1463 559 1539 conedam,
587 1463 723 1541 superiori
740 1483 816 1526 anno
842 1463 966 1526 Tolosae
983 1467 1060 1542 apud
1074 1468 1167 1528 virum
1192 1467 1253 1530 lllu-

258 1565 343 1628 sireni
358 1563 395 1624 de
415 1563 574 1626 Builsaizon
596 1564 697 1641 reperi.
721 1562 889 1626 instruendo
912 1564 955 1624 isti
973 1564 1094 1642 Pyrenes
1114 1565 1253 1644 gazophy.

258 1663 331 1728 lacto
355 1661 426 1725 solet
442 1663 471 1724 id
486 1662 655 1726 Academiae
675 1661 835 1723 Tolosanae
852 1662 940 1724 decus
964 1664 1116 1740 quotannis
1131 1662 1249 1730 mensem

256 1761 414 1844 Augustum
436 1775 522 1841 atque
545 1761 743 1842 Septembrem
761 1762 856 1822 itineri
879 1763 910 1822 in
930 1777 1044 1822 montes
1063 1760 1190 1823 laudatos
1210 1762 1251 1822 in-

256 1861 398 1925 stituendo
415 1860 519 1924 dicare.
543 1861 714 1941 Optandum
746 1860 898 1939 profesto,
931 1875 963 1923 ut
984 1859 1113 1922 laborum
1140 1860 1254 1924 suorum
1296 1921 1298 1928 ,

255 1957 365 2024 fruetus
383 1980 452 2024 cum
465 1961 601 2026 naturalis
614 1959 746 2024 scientiae
765 1961 875 2038 cupidis
888 1960 1100 2022 communicare
1114 1959 1191 2023 velit.
1215 1962 1251 2024 Ο.

664 2125 847 2238 Pylartes

293 2319 465 2403 Boccpcius:
488 2307 609 2379 Pilartei
625 2320 777 2400 Dyrrachii
795 2343 870 2382 mons
899 2323 942 2402 est.
973 2319 1075 2398 Qualis
1095 2319 1143 2383 ille
1168 2343 1253 2386 mone

252 2421 306 2496 fit,
328 2420 431 2500 quibus
455 2431 630 2480 memoratus
649 2418 853 2496 scriptoribuS‚
877 2421 926 2498 qui
939 2419 1094 2494 docuerit,
1112 2421 1166 2482 erit
1182 2423 1254 2484 mihi

251 2538 371 2597 magnus
396 2515 507 2594 Apollo.
537 2516 655 2578 Nomen
679 2518 869 2580 diversimode
888 2518 1049 2596 expressum
1066 2519 1256 2602 legitut,Py.

249 2615 350 2690 sortes,
374 2615 513 2690 Pilnrtes,
530 2615 688 2695 Pylarces,
712 2616 846 2680 Pelarros.
871 2619 981 2695 Quodsi
998 2620 1028 2679 in
1043 2617 1131 2680 altero
1160 2621 1256 2680 nomi·

208 2731 210 2736 ·
248 2733 288 2776 ne
306 2714 446 2794 quaedam
476 2714 618 2776 obtineret
650 2716 841 2793 corruptionis
858 2717 1001 2796 suspicio,
1027 2717 1124 2779 liceret
1155 2719 1256 2781 forsan

249 2814 287 2874 de
303 2812 413 2875 Siciliae
427 2827 526 2874 monte
543 2813 640 2874 Peloro
660 2813 707 2874 vel
726 2815 833 2874 Pelorio
852 2819 989 2895 ¹cogitare.
1022 2817 1078 2878 Sed
1096 2816 1256 2880 malorem

249 2931 368 2973 omnem
388 2913 417 2972 in
444 2913 541 2974 medio
565 2911 749 2992 relinquere,
773 2915 860 2992 quam
885 2935 1003 2994 operam
1018 2915 1158 2994 praestare
1174 2915 1256 2978 male

247 3010 385 3074 sedulam.
430 3011 467 3073 0.
588 3005 591 3012 ’

678 3178 822 3265 Petrae

287 3372 421 3436 Lucanus
445 3371 478 3436 L.
501 3371 552 3436 Vl.
579 3395 606 3437 v.
634 3393 681 3452 ις.

241 3501 254 3542 '.
369 3473 432 3533 Hoc
453 3473 504 3533 iter
532 3495 659 3555 aequoreo
677 3471 816 3557 proecepit
839 3472 924 3534 limite
944 3471 1089 3555 Magrus,

371 3573 509 3654 Quemque
535 3592 617 3635 uocat
644 3573 737 3633 collem
760 3572 922 3633 Taulantius
941 3570 1031 3631 attola
1050 3574 1163 3633 Petram

369 3665 472 3746 Insedit
496 3672 607 3753 castris,
630 3673 809 3755 Ephyreiaque
832 3671 934 3732 moenia
950 3665 1055 3746 ,servae

240 3769 279 3834 cs.
298 3772 326 3833 ἃ
347 3791 375 3834 v.
395 3777 444 3847 ⁶9.
469 3785 606 3833 nessae.
673 3770 806 3849 Ephyrea
825 3773 939 3834 moenia
957 3771 1022 3833 sunt
1032 3771 1147 3842 moenia
1158 3770 1257 3849 ipsius
1280 3773 1286 3782 '

240 3867 399 3948 Dyrrachii.
425 3867 516 3948 Prope
538 3869 594 3932 suit
616 3871 819 3934 &monuisse
843 3875 870 3952 lle
894 3872 992 3948 locus,
1008 3890 1095 3949 quem
1109 3870 1257 3933 describit

179 3995 181 4002 v
241 3965 341 4030 Caesar
361 3964 495 4028 debello
516 3968 593 4031 civili
625 3968 659 4035 L.
683 3969 735 4032 lll.
769 3991 795 4033 c.
823 3964 873 4046 4‘2.
905 3967 1049 4054 Pompeius
1083 3963 1258 4044 irnerclufirs

1297 262 1307 347 l
