2780 4712
188 283 190 288 '
273 329 325 408 82
483 333 668 399 NOTAE
725 327 1047 398 VARIORUM

270 505 308 570 Et
322 499 484 566 PliniueL
506 497 544 562 Π.
564 495 602 560 H.
621 495 661 560 N.
684 511 749 572 cap.
765 509 832 571 ¹03·
853 490 904 555 ubi
927 511 980 572 pro
1001 509 1059 566 eo,
1098 488 1175 569 quod
1193 485 1264 570 legi·

270 617 318 666 tur
336 603 367 664 in
381 599 520 682 plerisque
534 593 633 668 libris,
655 589 734 654 Ionis
749 589 891 652 Amenonis
901 587 969 672 foen
983 587 1099 650 interdiu
1119 583 1263 672 fligidus,

268 695 503 778 neaibnsfernet,
531 695 626 756 codex
643 693 837 756 chiffletianus
857 711 918 754 non
937 692 1033 754 minue
1056 707 1150 752 vere:
1185 685 1263 748 Ionia

271 799 409 866 Ammonis
422 797 547 879 stagnum
564 793 698 867 interdiu,
721 793 771 854 ier.
804 792 883 870 quod
913 788 1013 874 sedulo
1042 757 1264 851 observandum.

270 901 336 978 Jam
349 909 464 970 autem,
475 895 541 958 se&
548 894 615 956 fons
630 891 689 954 illio
705 891 887 971 &stagnum
905 888 975 968 quid
992 865 1138 967 prohibet,
1148 879 1261 962 quaeso,
1379 937 1380 946 ,

269 996 424 1077 quominus
445 995 473 1056 ἃ
491 993 596 1056 fluvius
616 991 676 1053 illic
698 991 841 1066 extiterit,
866 989 986 1068 exiguus
1005 987 1123 1066 quidem
1147 987 1176 1046 &
1200 1001 1264 1044 mo·

268 1097 369 1170 dicus,
390 1093 441 1156 sed
460 1093 565 1156 fluuius
583 1105 698 1166 tamen,
730 1087 778 1167 q'ui
804 1107 841 1150 ex
863 1087 946 1150 fonte
971 1084 1020 1148 vel
1036 1085 1134 1164 stagno
1148 1077 1264 1176 ortuo?

268 1193 369 1269 Nihil,
387 1189 569 1265 mehercule,
592 1187 692 1252 saltem
711 1187 790 1266 quod
803 1186 850 1251 alii
870 1187 1017 1266 stagnum,
1049 1183 1098 1246 alii
1121 1180 1264 1246 vocabant

268 1292 400 1366 fontem,
419 1289 450 1352 bi
469 1289 511 1352 illi
530 1300 688 1368 potuerunt
709 1286 848 1363 fluvium,
871 1299 1020 1365 utmagna
1034 1281 1105 1346 olim
1129 1282 1265 1343 interve·

269 1402 345 1453 teres
363 1387 551 1468 Geographoe
571 1385 608 1450 de
630 1387 675 1448 his
695 1383 867 1450 semilibulve
881 1385 1084 1448 sententiarum
1096 1381 1152 1446 furt
1161 1379 1263 1443 dusere-

268 1488 389 1602 pontia:
412 1488 450 1549 sec
468 1500 565 1550 autem
581 1484 680 1547 Vibius
696 1485 834 1548 ludiones
853 1459 998 1563 quosdam
1013 1485 1139 1548 imitatus
1163 1497 1264 1541 nonne

267 1587 300 1649 in
315 1585 410 1649 literas
426 1587 531 1653 referre
545 1585 645 1664 potuit
663 1586 691 1647 δι
706 1583 822 1646 forsitan
837 1585 943 1647 referte
965 1585 1060 1664 potuit
1081 1597 1165 1648 vetet
1195 1579 1263 1639 Am

175 1734 176 1738 ,
269 1706 343 1748 mone
355 1685 479 1766 Libyae,
498 1704 550 1744 ιιοιι
563 1681 640 1766 longe
659 1705 678 1742 a
698 1683 816 1744 Titiis?
836 1683 923 1759 Mihi,
932 1679 1039 1759 fateor,
1052 1683 1131 1746 hoc
1121 1694 1179 1759 Jam
1192 1677 1263 1741 olim

268 1781 377 1862 placuit
397 1784 426 1845 δι
446 1799 486 1843 ne
501 1799 580 1844 nune
596 1779 743 1860 displicet,
763 1783 828 1862 quia
843 1785 873 1846 in
896 1782 963 1846 loeo
979 1782 1146 1846 difficillimo
1169 1779 1206 1842 sne
1221 1778 1265 1840 ni·

268 1880 312 1944 hil
331 1879 490 1944 tortuosum
513 1892 562 1944 aut
577 1879 761 1960 ambiguumt
783 1901 852 1946 nam
871 1885 900 1946 &
918 1883 1023 1946 fluvius
1038 1881 1209 1958 Hammonis
1221 1896 1265 1942 re·

269 1981 380 2043 verasin
393 1998 427 2040 ea
447 1991 527 2058 parte
542 1977 666 2059 Libyae,
685 2001 758 2060 quae
769 2001 831 2044 non
849 1981 936 2062 longe
950 1980 1087 2046 aThebis
1099 1979 1264 2060 Aegyptiis,

270 2081 299 2142 δι
328 2098 389 2140 ιιοιι
409 2079 505 2141 ninus
521 2077 649 2156 apposite
670 2082 795 2142 Annene
825 2081 917 2144 dictus
948 2099 966 2140 a
994 2079 1068 2154 Jove
1098 2080 1264 2152 Ammone,

269 2195 357 2254 quam
374 2175 502 2254 stagnum
522 2175 590 2236 Padi
606 2169 717 2250 Paduse
735 2177 848 2240 al‘ado.
893 2176 966 2238 Vide
979 2176 1013 2237 fis
1028 2176 1070 2238 ibi
1088 2177 1216 2239 noſtrum
1235 2177 1264 2236 ἀ

270 2293 308 2336 an
328 2265 389 2336 rem
409 2292 462 2336 acu
485 2272 645 2350 tetigerim,
652 2274 759 2348 judica.
775 2289 802 2344 J.
814 2290 915 2342 cotto.
926 2289 970 2338 uu
981 2289 1070 2337 ΡΝ.
1114 2273 1265 2353 Ingeniosa

270 2374 362 2452 magis
372 2361 459 2450 quain
472 2389 540 2463 vera
553 2371 674 2433 Pavonis
687 2374 855 2454 conjectura¹
866 2374 928 2456 eit,
944 2374 991 2452 oui
1001 2371 1143 2434 nonnulla
1154 2372 1265 2436 favent.

269 2471 371 2536 Statim
395 2472 474 2534 enim
498 2489 607 2538 nornen
626 2471 780 2548 Aminone,
800 2474 880 2552 quod
896 2470 990 2552 scripti
1005 2470 1070 2534 libri
1088 2490 1157 2550 prae
1180 2471 1209 2532 ie
1221 2472 1266 2534 fe·

268 2565 354 2657 runt,
374 2569 510 2634 facillime
526 2570 622 2649 potuit
639 2589 676 2631 ex
695 2569 731 2644 τᾷ
753 2571 881 2633 Annene
899 2572 1020 2648 exoriri,
1048 2573 1154 2635 deinde
1173 2573 1266 2654 Libye

270 2671 406 2751 &Lycia
420 2655 501 2732 nulla
514 2668 627 2749 prorius
645 2688 732 2748 opera
752 2673 907 2749 permutari
921 2685 1069 2750 poterant,
1093 2675 1122 2734 δι
1142 2671 1219 2749 quod
1231 2671 1265 2732 in

270 2788 307 2831 eo
322 2767 415 2847 lapsus
436 2769 580 2832 videretur
595 2769 711 2846 Vibius,
738 2771 815 2850 quod
825 2793 910 2854 prope
937 2773 1039 2832 Thebas
1063 2772 1166 2832 dixerit
1188 2767 1262 2842 effe,

270 2865 370 2930 illud
362 2881 436 2932 mter
454 2869 573 2933 minima
588 2868 677 2930 nostri
694 2871 801 2930 menda
816 2867 1016 2947 reponendum
1033 2869 1115 2930 foret.
1167 2865 1263 2928 Potior

271 2975 369 3026 tamen
387 2965 427 3026 est
445 2951 567 3052 vulgaris
588 2965 694 3037 Icilio,
724 2967 874 3042 maxime,
887 2984 925 3028 ex
953 2985 1012 3044 quo
1035 2966 1137 3030 erroris
1151 2963 1267 3034 fontem
1379 3015 1383 3034 ,

270 3073 356 3122 acute
365 3062 475 3142 detexit
490 3061 645 3127 Relandue
687 3062 821 3137 Ceterum
835 3063 964 3128 sonabo
980 3083 1040 3128 non
1054 3064 1150 3130 fluviis
1163 3083 1266 3132 accen

271 3155 358 3222 seoda
373 3131 534 3241 Anymine,
575 3159 664 3224 Ita&
688 3161 811 3224 Ovidius
823 3161 944 3226 Metam.
961 3162 1001 3239 ll,
1021 3181 1092 3244 ιιι.

505 3295 508 3301 -
588 3317 591 3325 ,
628 3260 747 3342 queritur
761 3260 877 3322 Boeotia
909 3261 1034 3339 Dircen,
1138 3299 1139 3306 ι

382 3383 390 3446 l
439 3358 532 3444 Argos
553 3359 741 3442 Amymonen,
769 3359 880 3444 Ephyre
895 3359 1041 3422 Pirenidas
1059 3360 1158 3424 undae.

272 3457 338 3524 Nee
356 3457 515 3548 audientius
547 3459 668 3540 proinde
693 3458 866 3537 Boceaoius,
900 3459 951 3538 qui
968 3459 1124 3523 Antinoum
1147 3457 1267 3538 flunmen

273 3558 412 3648 recenset,
433 3559 471 3623 0.
530 3558 608 3644 'lsta
625 3559 662 3622 de
681 3558 764 3622 fonte
778 3559 908 3620 Annene
941 3577 1020 3621 mera
1045 3556 1111 3622 sunt
1130 3556 1267 3633 somnia;

273 3657 414 3740 nusquam
431 3657 481 3746 ille
496 3657 601 3740 fluxit,
627 3657 681 3742 ott
702 3660 733 3722 io
753 3657 869 3720 madido
891 3655 943 3718 isto
963 3657 1084 3722 Pavonit
1113 3653 1268 3724 cerebello.

769 3785 945 3856 volvunt
967 3771 1110 3834 ὶιιιιὶιίιιι
1123 3789 1224 3834 nannue
1256 3802 1259 3810 ·
