2836 4718
263 307 341 408 278
485 325 670 387 uonna
739 327 1048 392 vnatonum

260 501 324 561 pag.
347 493 396 552 80.
421 501 459 544 ex
484 483 600 566 Hygino
630 485 799 559 docuimusy
829 488 1012 566 Amymonen
1036 487 1150 552 fontem
1175 488 1257 562 iuxta

261 581 372 644 Lernen
394 583 494 657 soille,
516 603 551 644 ex
570 584 716 645 Strabone.
731 585 842 650 Lernen
860 585 973 650 fontem
991 587 1126 664 Argivum
1144 605 1258 648 memo*

260 684 468 744 raotcertatirn
490 687 516 742 δι
542 683 606 755 alii,
627 683 723 748 Schol.
742 684 942 762 spollooiiad
970 685 1002 750 L.
1021 685 1072 748 lll.
1103 705 1131 748 v.
1165 703 1256 754 12⁴0·

260 779 357 850 Schol.
376 781 493 844 Hefiodi
522 781 553 846 iu
587 794 667 848 erce·
694 804 722 846 v.
748 801 817 863 257.
844 786 898 854 dee.
941 785 979 848 es.
1011 783 1191 848 Illunckeruo
1220 780 1260 850 ad

258 877 416 960 Hyginum.
437 880 498 948 ιΟ.

662 1045 839 1134 Maeotis

302 1259 331 1301 v.
356 1239 485 1312 Lucanus
504 1241 534 1307 L.
555 1241 591 1306 Il.
613 1265 640 1309 u.
657 1251 726 1317 640.
747 1245 878 1324 Virgilius
901 1245 1004 1326 Georg.
1024 1245 1057 1312 L.
1080 1245 1171 1308 llhv.
1185 1265 1255 1324 349.

264 1352 402 1400 nessei..
488 1341 641 1406 Sarmatiae
662 1346 835 1406 vindicanda
853 1345 933 1424 palus
949 1359 1017 1408 erat.
1031 1365 1058 1408 v.
1076 1344 1258 1408 Ptolemaeus

263 1435 294 1498 L.
318 1437 369 1499 lll-
394 1459 418 1505 c.
444 1463 467 1516 ς,
493 1438 547 1502 Sed
574 1461 606 1504 ea
630 1457 727 1504 tamen
757 1444 890 1523 Scythiae
924 1465 987 1524 pars
1018 1443 1114 1505 haberi
1150 1445 1255 1520 potest.

261 1535 401 1600 Sarmatas
422 1543 457 1602 ad
469 1539 571 1603 Tanais
593 1543 665 1620 ripas
679 1542 816 1606 habitasse
833 1543 881 1606 vel
904 1543 1006 1604 Tanain
1024 1565 1122 1608 amnem
1146 1537 1258 1620 coluisti

262 1632 358 1700 scribit
374 1638 477 1702 Plinius
500 1641 531 1706 L.
548 1639 595 1702 Vl.
614 1662 643 1709 c.
662 1660 690 1719 7.
713 1642 777 1722 Janr
796 1643 833 1706 ad
854 1641 976 1706 Tanaim
997 1641 1258 1707 referendalllaeo·

262 1737 318 1811 tir,
343 1741 519 1820 proindeque
540 1741 577 1801 ad
598 1741 774 1804 Sarmatiam.
818 1741 970 1822 Subiungit
989 1743 1118 1803 laudatus
1138 1744 1255 1804 audior:

264 1837 385 1920 Scythae
406 1859 504 1910 potent
523 1839 652 1906 Maeotin
680 1841 855 1917 Temerinda,
879 1843 952 1923 quod
970 1839 1109 1926 fignificat
1146 1857 1257 1904 matrem

261 1939 353 2004 maris,
398 1939 484 2002 istum
498 1960 583 2018 porro
602 1939 695 2003 lacurn
713 1942 820 2010 ditium
837 1941 1004 2005 Maeotin&
1028 1940 1110 2020 ponti
1125 1939 1181 2005 srv'e
1197 1958 1258 2001 ma-

262 2037 300 2098 ris
320 2052 439 2107 matrem
458 2059 493 2100 ex
518 2039 666 2104 Herodoto
683 2038 892 2102 condiscimus:
915 2033 929 2100 i
955 2035 1064 2100 Μιιιιῖτίς
1093 2061 1120 2096 τι
1143 2033 1257 2093 mairiu

263 2131 386 2210 halen
409 2135 456 2190 aei
481 2137 571 2194 nloov
587 2139 618 2200 L.
638 2138 687 2204 lv.
707 2158 732 2202 o
754 2139 803 2208 86.
828 2137 865 2210 es.
889 2138 1082 2216 &Dionysius
1098 2138 1204 2214 perieg.
1223 2157 1253 2199 v.

153 2306 164 2320 ..
263 2239 329 2304 1⁶5·
359 2233 499 2305 Herodoti
526 2236 664 2317 interpres
696 2239 786 2300 videri
815 2236 898 2316 poffir
924 2225 1104 2310 Bullatium,
1146 2237 1195 2314 qui
1218 2234 1256 2302 ad

260 2323 388 2411 Dionysii
419 2333 530 2397 versum
554 2338 601 2408 uit.
629 2333 731 2410 periers
751 2337 821 2400 dicit
853 2337 883 2402 st
905 2332 958 2392 riui
991 2333 1027 2390 τὲ
1062 2332 1150 2407 poia,
1187 2333 1260 2406 pain

259 2429 309 2508 vaip
337 2432 461 2515 iayotpo‘a·
492 2435 562 2496 item
588 2434 716 2506 Μοαξῖτις,
732 2437 761 2498 aia
784 2433 838 2492 ἐπὶ
859 2431 905 2488 τοῖἶ
928 2431 1017 2509 pratri,
1037 2428 1153 2506 pamniam,
1178 2431 1257 2494 Mihi

262 2543 359 2594 tamen
379 2533 499 2596 Maceris
520 2534 566 2596 vel
589 2529 715 2625 Maeotis
732 2555 840 2598 nomen
861 2535 958 2614 potius
975 2553 992 2594 a
1007 2533 1124 2600 mordiali
1144 2531 1259 2596 videtur

169 2625 174 2636 '
262 2631 456 2709 descendere,
491 2637 569 2714 quod
591 2635 692 2698 Turcis
711 2634 852 2714 Perfisque
873 2634 1020 2712 ingentem
1041 2651 1178 2709 aquarum
1204 2651 1257 2694 co-

262 2733 339 2809 piam
363 2733 496 2812 defignat.
525 2733 559 2804 In
585 2733 706 2800 Gothica
727 2733 823 2812 lingua
843 2754 932 2802 rnoes,
970 2725 1076 2812 morfia„
1115 2747 1255 2808 magnum

261 2831 358 2897 lucum
377 2849 465 2896 notat.
503 2836 605 2914 Neque
630 2835 763 2898 videntur
796 2830 920 2910 Scythae
941 2829 1139 2906 Sarmataeque
1167 2825 1254 2888 aliam

261 2934 296 2994 iis
315 2934 434 2996 vocibus
450 2935 682 3012 significationem
700 2929 825 2994 tribuilse
842 2928 930 3004 olim,
954 2947 1039 3006 quarn
1050 2925 1159 2990 Turcae
1174 2921 1254 3000 post·

142 3081 144 3088 ,
264 3049 297 3089 ea
315 3031 460 3109 Gurhique
480 3031 515 3094 ab
536 3035 590 3094 illis
617 3035 670 3094 orti
689 3031 823 3096 tribuere.
853 3025 1011 3100 immensus
1030 3027 1078 3094 ille
1097 3024 1191 3098 laeua,
1203 3021 1255 3086 cui

262 3125 350 3188 hodie
371 3132 454 3190 maris
471 3132 572 3219 Ayoaii
591 3131 637 3194 vel
657 3130 784 3202 Zabacbe
812 3148 920 3190 nomen
943 3127 1001 3202 est,
1041 3125 1117 3205 quod
1149 3144 1258 3204 parum

194 3261 195 3268 ι
259 3228 421 3308 profundus
445 3231 501 3303 est,
525 3251 576 3310 pro
593 3230 696 3308 palude
719 3229 796 3306 apud
815 3243 924 3290 veteres
948 3224 1117 3290 habebatur.
1160 3223 1257 3286 Hero·

172 3312 175 3318 ¹
261 3326 347 3390 dotus
369 3347 469 3406 parum
493 3329 528 3392 ab
543 3331 653 3394 Euxino
671 3341 761 3410 ponto
789 3325 902 3390 differre
923 3325 1052 3388 mensura
1075 3323 1257 3388 Maeotidenr

260 3427 311 3506 fibi
337 3426 530 3505 persuadebat.
558 3427 586 3484 ου’
616 3434 693 3486 nana
709 3435 755 3501 ray
778 3418 886 3488 andeca.
906 3425 937 3496 L.
966 3423 1015 3487 IV.
1033 3444 1057 3488 c.
1085 3431 1134 3496 8⁶·
1151 3420 1258 3500 Scylax

261 3527 414 3599 dimidium
437 3529 513 3592 istius
533 3548 634 3612 capere
649 3529 724 3590 hanc
746 3527 851 3592 tradit:
892 3524 904 3587 i
928 3524 955 3583 lt
982 3521 1096 3582 Μιιιιῗιις
1116 3520 1189 3592 λίμνη
1213 3519 1257 3577 λί-

142 3655 145 3662 ·
260 3623 330 3701 yrias
354 3623 432 3701 iprae
454 3621 514 3688 rim
536 3627 582 3684 eoi
606 3627 701 3692 llo'nlav.
725 3623 825 3706 peripl.
852 3625 899 3690 ed.
916 3620 992 3684 Vols.
1009 3642 1038 3702 p.
1056 3633 1105 3692 28,
1138 3619 1261 3696 Propius

262 3726 299 3788 ad
320 3747 418 3791 verum
438 3729 550 3791 accedit
567 3725 713 3794 Strabonis
735 3725 851 3802 opinio,
875 3741 982 3786 novem
1000 3722 1154 3786 stadiorum
1169 3719 1262 3782 millia

260 3809 412 3900 circuitum
430 3826 541 3906 paludis
565 3824 710 3902 complere
726 3825 871 3888 statuentis
895 3823 926 3886 L.
941 3822 979 3885 ll.
1004 3841 1033 3901 p.
1063 3819 1256 3897 125.L.Vli.
1298 3891 1300 3898 y

204 3925 207 3932 '
263 3944 293 4002 p.
315 3942 381 4000 3¹0·
405 3945 432 3986 v.
456 3927 486 3986 in
509 3924 565 3988 loc.
583 3924 612 3984 h.
633 3923 767 3987 emendat
786 3923 968 3986 Casauboni.
986 3920 1079 3985 Efficit
1101 3920 1151 3980 ista
1177 3938 1260 3980 men·

263 4023 325 4090 sura
340 4037 467 4088 trecenta
480 4023 625 4100 milliaria3
665 4023 767 4102 quibus
786 4023 899 4103 singulis
922 4035 965 4085 ter
987 4021 1065 4086 mille
1086 4017 1259 4097 hexapodae
