2798 4710
245 309 300 384 40
472 297 655 363 NOTAE
712 291 1022 356 VARIORUM

289 460 421 537 I'oirar)'
446 460 601 523 Plurimum
631 452 718 516 debet
739 452 832 514 Poetis
866 448 1067 530 GeographIat
1115 441 1242 524 gertruru

249 561 326 622 enim
351 561 417 623 sutus
439 559 567 620 locorum
588 555 741 632 depingere
761 571 795 614 ac
819 550 982 630 portiones.
1055 545 1243 622 Quapropter

249 659 382 724 Horatius
413 657 446 724 L.
464 655 501 720 II.
535 653 619 732 Epist.
639 652 662 714 1.
690 672 717 714 v.
741 670 801 726 250
818 649 874 728 seq.

556 755 617 814 Nec
636 745 767 828 semones
795 769 843 831 ego
865 745 972 806 mallem

334 871 450 937 reperires
464 873 514 935 per
527 853 649 926 humum,
673 869 752 930 quam
773 868 815 908 res
830 865 978 927 componere
999 843 1101 926 gesius,

334 970 511 1032 ceparumque
525 951 615 1030 fieus,
654 945 812 1025 fesiumiua
833 943 937 1013 dicere,
959 942 1081 1002 &arces

338 1048 470 1108 montibus
490 1048 623 1130 impofiras
625 1089 761 1110 .....

259 1149 286 1212 ἅ
312 1143 417 1208 Plinius
450 1147 480 1209 L.
510 1145 588 1209 VIII.
619 1145 672 1222 Ep.
700 1164 728 1218 4.
752 1143 857 1225 Optime
872 1139 969 1222 fietis,
987 1141 1058 1222 quod
1073 1139 1170 1200 beilum
1185 1143 1256 1201 Da.

259 1244 345 1303 cirum
361 1241 475 1319 scribere
493 1266 590 1327 paras.
653 1243 814 1322 Numquae
837 1259 893 1300 ram
915 1261 1019 1315 recens,
1043 1257 1099 1299 tam
1124 1234 1254 1320 copiose,

258 1342 410 1413 ramlera,
438 1365 505 1424 quae
526 1344 635 1424 denique
660 1360 715 1401 tam
733 1341 841 1422 poirica
868 1340 895 1400 δ’
923 1339 1093 1420 (quanquam
1120 1340 1148 1397 ire
1168 1337 1254 1415 veris-

231 1495 232 1498 ,
254 1439 330 1520 fineis
349 1441 447 1518 rebus)
476 1460 532 1502 ram
549 1439 680 1521 sabulofir
699 1441 836 1502 materia?
863 1441 950 1499 Dices
970 1435 1080 1516 imruiffie
1104 1439 1180 1499 terris
1202 1460 1251 1512 po-

262 1560 300 1600 ua
320 1539 450 1616 flumina,
476 1563 560 1602 nouos
580 1519 676 1624 pontis
699 1539 856 1619 fluminibus
881 1535 1006 1618 iujetios,
1038 1533 1130 1614 iuseffir
1159 1537 1260 1618 castris,

264 1636 387 1695 monrium
402 1639 516 1719 abrupta
537 1685 547 1704 .
571 1685 579 1701 .
603 1685 612 1705 .
639 1654 776 1702 uussuu.

310 1735 468 1813 Quartum)
498 1737 597 1802 Vibius
610 1757 670 1800 non
686 1749 797 1800 tantum
819 1745 936 1814 gentes,
966 1735 1016 1796 sed
1031 1735 1167 1803 flumina,
1190 1732 1256 1796 forr·

264 1842 327 1908 tes,
347 1832 441 1910 lacus,
468 1855 602 1914 nemora,
620 1835 737 1916 paludes
759 1838 908 1898 &montes
927 1835 1055 1914 exponit.
1079 1833 1179 1912 Itaque
1198 1852 1257 1896 ma.

220 1961 226 1966 -
267 1928 394 2010 icquar,
426 1953 478 2012 pro
501 1956 559 2014 quo
582 1937 743 1998 revocanda
757 1935 839 1996 retuo
856 1935 949 2009 MStI,
970 1955 1025 2013 qua
1042 1952 1128 1994 tamen
1136 1929 1259 2014 persequi

265 2030 354 2109 potui.
380 2033 479 2094 Cicero
501 2033 622 2112 Philipp.
634 2035 681 2097 VI.
699 2054 723 2096 c.
738 2053 763 2110 3.
787 2032 941 2100 praedico,
961 2033 1006 2090 M.
1023 2031 1186 2106 Antonium,
1215 2033 1261 2091 de.

267 2123 366 2202 leilus,
389 2151 442 2208 qua
458 2129 554 2211 poffir,
581 2132 739 2190 habitaretur.
771 2125 1048 2203 Melambium.
1071 2143 1098 2188 2.
1127 2127 1153 2186 ἐν
1179 2130 1239 2190 ideo
1250 2188 1263 2220 θ

272 2245 326 2304 qua
350 2228 462 2300 recidit,
488 2229 627 2311 angustior.
661 2226 746 2289 Paulo
766 2227 846 2304 post,
864 2225 967 2287 eodem
994 2245 1055 2304 cap.
1079 2225 1130 2305 nist
1143 2248 1197 2308 qua
1219 2229 1265 2289 ae'-

268 2325 328 2408 flur
340 2322 538 2384 inhabitabilem
559 2324 682 2408 efficiunt,
699 2347 752 2404 pro
778 2324 854 2404 vulg.
884 2325 974 2406 quoad
999 2322 1094 2388 Frater
1121 2327 1261 2391 defendit.

268 2420 395 2500 ·EIegans
423 2423 541 2486 verbum
557 2419 695 2505 persequi,
715 2424 745 2486 id
769 2425 826 2494 est,
850 2425 970 2503 exequi,
996 2425 1149 2504 perficere,
1182 2446 1266 2506 pera·

273 2539 351 2600 gere.
377 2521 464 2583 Plaut.
492 2523 690 2601 Amphitruon.
710 2524 760 2595 II,
785 2525 815 2598 I,
835 2543 881 2600 39.
920 2513 995 2604 Qui,
1019 2525 1142 2604 quoniam
1170 2525 1268 2600 ierus,

272 2619 352 2701 quod
376 2621 534 2702 irrepere-rit,
566 2621 702 2706 neglexisti
719 2619 848 2705 persequi.
874 2623 948 2689 Prol.
974 2623 1096 2687 Mercat.
1124 2635 1172 2698 85.
1215 2621 1272 2679 Sed

281 2741 339 2779 mea
353 2716 478 2802 promifflr
499 2745 549 2782 reon
564 2722 682 2806 neglexit
695 2718 824 2805 persequi.
870 2738 1079 2785 GRONOVIUS.

268 2808 279 2862 ’-
320 2815 500 2901 praesertim)
541 2822 579 2884 fic
608 2823 758 2884 Terentius
791 2822 902 2884 Phorm.
938 2819 1021 2882 1.11.
1049 2838 1076 2892 5.
1116 2805 1272 2895 praesertim

286 2933 400 2980 uruuuc
415 2913 482 2993 sune
508 2941 600 2981 mores.
652 2935 804 2982 ououov.
877 2911 881 2922 ’
1262 2913 1264 2920 '

539 3107 634 3190 AD
692 3105 1023 3203 FLUMINA

684 3223 888 3348 Aehelous

332 3416 378 3481 De
389 3415 515 3480 Acheloo
532 3413 666 3498 quoniam
680 3419 768 3482 multa
788 3418 886 3496 puffim
904 3415 999 3494 duob,
1016 3414 1086 3477 nihii
1105 3409 1280 3486 observabo,

295 3537 379 3596 quam
402 3517 479 3594 quod
503 3518 539 3578 ud
561 3517 635 3579 Vibii
663 3519 748 3580 nostri
782 3517 995 3584 illustrationem
1026 3515 1156 3578 conferre
1188 3523 1282 3589 queat.

295 3616 369 3680 Tres
394 3615 520 3692 ejusdem
549 3620 673 3680 nominis
697 3637 794 3680 amnes
824 3615 944 3679 extitisse
968 3614 1136 3692 jamdudum
1159 3607 1285 3672 animad-

295 3717 409 3780 versum
427 3717 474 3781 est.
530 3719 626 3780 Unum
648 3720 742 3796 itaque
766 3729 876 3781 tantum
899 3714 1091 3796 testimonium
1114 3705 1285 3779 adscribam,

300 3811 367 3875 sane
390 3835 526 3894 perquam
544 3815 684 3895 elegans;
727 3835 763 3876 ex
792 3815 923 3878 Pausania
950 3813 1011 3876 libr.
1039 3809 1119 3876 VIII.
1149 3828 1210 3887 cap.
1242 3815 1288 3882 38·

302 3940 366 4002 pag.
379 3930 449 3996 ⁶80.
463 3921 574 3995 Α’χιλοᾳ
599 3917 626 3976 ii
657 3910 693 3997 uqi
712 3912 808 3992 Ageriii
821 3917 875 3971 ier-ir
892 3911 958 3971 rime
979 3907 1024 3968 ivi
1035 3906 1162 3982 ipeeirupeo'r
1183 3927 1209 3960 re
1225 3893 1289 3972 curiit,I
