2830 4716
238 309 323 411 ¹248
458 321 644 386 noane
701 311 1016 379 vnnroaom

237 533 242 544 .
366 479 488 560 Anchisa
503 499 624 566 generate
639 483 729 541 Deum
745 475 882 556 certiffimo
899 475 1010 562 proies,

368 581 465 662 Cocyti
485 583 583 664 stagno
597 579 658 640 alto
679 579 775 652 vides,
798 576 977 660 Stygiamque
997 571 1134 656 paludem.

243 707 375 771 Donatus
404 705 463 767 ibi:
497 705 629 790 Stagnum
652 700 748 782 Cocyti
767 721 880 770 nomen,
900 697 986 781 palus
1007 719 1086 768 vero,
1118 715 1186 776 quae
1209 713 1248 759 ex,-

107 859 110 864 .
236 801 415 888 superfitstone
431 824 517 884 mnae
544 791 673 885 efficitur,
698 801 771 880 Styx
793 796 953 880 appellatur.
975 816 1003 857 v.
1020 799 1047 857 dt
1063 794 1193 856 Servium
1207 790 1245 852 ad

245 924 276 970 v.
299 924 354 978 295
382 905 408 970 dr
436 921 503 978 297.
528 915 667 965 flasset..
753 897 842 960 Rene
862 897 979 974 quidem
1002 893 1088 958 verba
1104 915 1155 974 per
1177 894 1247 972 Sty·

238 1001 319 1092 pion
334 999 462 1082 paludem
488 998 611 1062 articulo
630 997 778 1076 sequenti
800 1017 816 1058 a
836 1016 895 1077 quo
912 1011 1021 1062 temera
1047 994 1179 1066 videntur
1204 991 1257 1068 dig

187 1146 190 1154 ,
248 1097 345 1168 vulsa
364 1098 503 1170 restituis,
529 1097 575 1160 sed
592 1097 660 1178 quid
676 1098 729 1168 erit
748 1095 873 1173 oppido!
897 1095 1014 1174 Cocytos
1042 1089 1183 1172 inferorum
1198 1110 1250 1172 per

247 1195 373 1277 Stygiam
387 1195 544 1286 paludem?
577 1217 613 1259 an
630 1197 659 1256 in
682 1195 725 1256 his
742 1193 862 1260 senius?
899 1192 1006 1258 scilicet
1026 1192 1182 1272 legendum
1204 1188 1250 1252 su·
1332 1217 1334 1222 ¹

250 1279 430 1382 spicat*
366 1328 415 1386 pre
441 1306 566 1390 Stygiam
584 1305 731 1388 paludem·
755 1327 804 1387 pre
739 1283 963 1382 ”lcriptum
979 1299 1250 1381 compendiosepto

244 1421 347 1559 prope,
369 1403 437 1466 hinc
454 1405 555 1466 erroris
581 1404 727 1486 scaturigo.
773 1405 831 1472 Sed
850 1404 922 1474 haec
951 1403 1046 1466 levia.
1076 1401 1135 1480 ipsa
1161 1399 1250 1462 trans·

250 1501 398 1590 positionis
429 1503 539 1565 medela
566 1503 617 1570 tibi
651 1503 771 1573 debetur
805 1522 842 1570 ex
868 1502 934 1576 ailo.
972 1519 996 1572 J·
1028 1517 1058 1572 02
1087 1515 1133 1574 nt
1153 1513 1248 1573 ΒΝ·

243 1655 249 1664 .
297 1599 361 1676 Hoc
380 1603 468 1674 modo
494 1604 524 1664 in
550 1603 649 1666 codice
675 1620 761 1668 meo·

379 1699 470 1780 Cyane
488 1701 629 1783 Syracusss
649 1723 700 1782 pen
724 1721 800 1782 quem
819 1701 930 1784 Anapos
954 1701 1066 1785 mesti,

378 1799 434 1877 Per
454 1800 544 1896 Styga
556 1799 695 1883 paludem.

373 1897 500 1980 Cocytus
521 1895 671 1980 ipferorum

255 1993 433 2071 Crediderim
452 1998 532 2080 fere.
555 1999 670 2068 Vibium
686 1999 756 2062 duas
771 1999 905 2078 periodos
927 1997 1087 2077 copulaile,
1111 1991 1176 2086 quia
1191 1993 1258 2062 lite«

223 2177 230 2187 .
249 2101 304 2154 ‘rae
324 2097 434 2176 vicinae
446 2096 599 2172 favebant,
626 2098 764 2160 &deeIle
786 2099 1007 2180 comparativam
1025 2095 1192 2176 particulam
1212 2113 1256 2168 ut.

257 2195 350 2270 tranfie
365 2211 396 2252 ur
409 2215 461 2274 per
472 2197 570 2276 Styga.
594 2195 700 2266 scilicet
724 2201 836 2275 Anapus
851 2195 981 2258 miscetur
1005 2195 1137 2274 Cyanee,
1157 2210 1190 2258 ut
1199 2193 1260 2257 Co*

260 2307 342 2368 cytus
363 2293 451 2370 Stygi.
475 2293 595 2362 Ovidius
612 2294 643 2364 L.
661 2294 696 2364 11.
716 2315 751 2390 ex
769 2296 849 2358 Pont.
871 2295 910 2359 X.
927 2303 975 2364 2⁶.

390 2417 504 2498 Quoque
514 2416 583 2496 sitis
612 2417 721 2500 Cyanen
744 2417 837 2496 miscet
854 2421 968 2499 Anapus
986 2415 1074 2499 aquis.

259 2532 339 2614 riam
358 2537 483 2618 Cocytus
498 2540 537 2605 ost
552 2539 594 2602 rit
606 2545 702 2608 aemio
719 2542 845 2618 aloitide.
866 2541 937 2604 nihil
954 2543 1049 2604 notius
1064 2561 1100 2604 ex
1116 2543 1256 2630 Homero.

251 2654 291 2719 ¹v.
314 2636 435 2702 Cerdant
456 2639 492 2701 ad
506 2639 611 2720 Virgilii
630 2639 660 2706 L.
680 2641 729 2704 VI.
744 2645 812 2704 tlon.
839 2663 865 2703 v.
891 2661 960 2720 297.
985 2642 1014 2705 si
1027 2643 1056 2705 id
1074 2661 1134 2702 non
1150 2641 1255 2720 piacet,

264 2734 308 2802 cl.
330 2735 446 2814 Helielii
469 2740 654 2816 ampletierer
669 2739 803 2815 botoni,
843 2762 898 2819 qua
923 2742 1074 2820 periodum
1087 2763 1137 2824 per
1167 2743 1263 2825 Styga

255 2837 389 2922 paludem
410 2838 496 2912 refert
515 2840 599 2902 unice
616 2840 652 2907 ad
678 2842 792 2920 Cocytos
810 2837 960 2918 inditorum.
989 2841 1066 2902 Nam
1090 2841 1190 2901 Paeoni
1205 2849 1258 2922 per

266 2939 296 3014 in
310 2960 393 3018 prope
413 2939 534 3000 mutanti
553 2952 612 3006 erat
639 2939 866 3012 ostendendum,
904 2939 944 3000 ita
974 2939 1116 3000 tradidiffe
1147 2953 1257 3000 veteres

155 3108 161 3116 ⁵
267 3034 402 3110 expreffis
422 3036 537 3100 verbis:
563 3036 688 3116 alioquin
704 3039 823 3116 omnia,
854 3057 927 3116 quae
952 3038 982 3100 in
1007 3039 1132 3100 Plutonis
1170 3055 1262 3114 ragno

266 3129 350 3208 {tint²
372 3134 479 3212 lingere
499 3134 644 3213 possumus
664 3137 717 3198 sibi·
730 3139 842 3230 pitina,
864 3138 928 3214 quia
947 3139 977 3198 in
998 3137 1104 3215 superis
1128 3138 1199 3206 dum
1220 3135 1266 3199 iu·

267 3249 332 3308 rpus
356 3235 573 3312 topographiam
596 3233 753 3300 inferorum
772 3236 888 3298 noscere
908 3256 967 3308 non
992 3235 1060 3298 licet
1088 3237 1265 3311 accuratius,

270 3329 322 3392 nist
343 3351 379 3406 ex
395 3336 504 3410 poetis,
526 3336 574 3412 qui
595 3333 666 3396 nihil
682 3335 830 3410 nesciunt3
852 3349 899 3407 at,
914 3335 1042 3409 ntdixi,
1071 3335 1190 3414 Cocytus
1206 3352 1267 3394 non

272 3431 362 3492 modo
375 3453 458 3514 prope
474 3433 565 3516 Styga
584 3433 664 3509 fluit,
688 3432 735 3495 sed
752 3454 819 3498 cum
839 3453 875 3496 eo
900 3433 1032 3498 miscetur
1049 3431 1097 3495 vel
1117 3432 1269 3534 tamori-

270 3551 325 3604 tur.
366 3539 479 3605 Deinde
496 3542 692 3604 commentitia
712 3541 752 3604 est
775 3541 823 3604 illa
852 3543 931 3605 vocis
956 3565 1039 3624 prope
1071 3555 1140 3603 nota
1163 3563 1212 3626 pre
1238 3543 1271 3602 in

272 3639 335 3702 MS.
358 3638 474 3702 Solebat
490 3642 568 3702 enim
586 3661 603 3702 a
622 3643 822 3721 tachygraphis
839 3641 920 3703 scribi
937 3641 1035 3714 aliter,
1053 3639 1159 3702 scilicet
1186 3640 1272 3712 dotia

273 3735 379 3802 lineola
402 3759 453 3817 per
473 3741 560 3810 imam
575 3755 684 3818 partem
701 3741 809 3818 primae
820 3740 928 3802 litterae
945 3761 977 3822 p.
1002 3739 1035 3802 ln
1050 3738 1115 3808 loco
1132 3736 1206 3798 Vibii
1223 3758 1274 3798 au·

257 3847 334 3910 ¹tent
350 3838 404 3902 viri
423 3838 500 3900 doe'ti
518 3839 680 3917 corrigunt,
705 3861 757 3918 pet
775 3859 856 3920 quom
870 3841 993 3922 Anapus.
1026 3857 1088 3899 non
1108 3834 1273 3912 obloquor3

272 3930 322 3996 sed
346 3936 529 4015 videndum,
565 3955 663 4000 annon
688 3939 842 4002 commode
868 3937 904 4000 ad
931 3937 1010 3996 lacus
1044 3933 1276 3998 subintelletium
