2798 4710
461 335 531 394 AD
591 327 849 393 FLUMINn
1092 325 1138 404 61

154 494 285 578 ignotum
301 492 341 555 esi
361 487 432 554 illud
445 503 572 564 nomen,
593 491 638 553 cui
652 489 806 568 aperiendo
824 490 898 556 solus
912 490 1061 562 Ravennae
1072 499 1145 568 snm

151 615 260 675 nymus
290 590 503 665 lucemzfert5
550 589 597 651 hic
626 590 703 650 enim
739 590 770 650 in
804 595 1020 658 enumeratione
1042 599 1145 663 fluvio·

153 711 221 756 rum
243 691 353 756 Siciliae
373 689 516 768 quendam
532 681 714 769 Anoposalias
731 688 872 769 appellat,
902 695 951 770 qui
983 696 1061 760 idem
1081 719 1144 763 mea

154 791 294 854 sententia
321 807 388 852 cum
422 787 518 869 Aropo
545 803 639 848 caeno.
703 787 781 850 Nam
805 810 901 850 caenas
917 791 962 853 vel
987 797 1063 857 narnia
1086 817 1146 862 vox

153 891 262 953 Graeca
282 889 339 964 est,
362 886 554 966 significatque
569 901 687 957 murm,
718 885 789 948 srcut
805 890 917 969 Anapos
930 890 1021 968 alios,
1046 892 1146 958 Latine

150 1008 280 1086 recpnrern
301 988 329 1049 h.
345 1007 370 1048 e,
395 985 479 1045 alium
493 984 619 1046 denotat.
672 979 800 1046 Firmant
818 1000 913 1048 autem
939 988 1149 1067 interpretatio.

149 1104 219 1149 nem
236 1085 435 1164 praecedentia
453 1081 539 1144 verba
553 1083 646 1157 Vibii,
677 1081 734 1144 hoc
763 1103 868 1162 nempe
891 1085 1000 1148 flumen
1016 1109 1067 1170 per
1090 1093 1146 1152 duo

151 1184 240 1246 millia
260 1179 383 1266 paffirum
392 1178 444 1257 fieb
460 1200 531 1242 terra
554 1181 634 1262 mergi
645 1221 657 1250 ,
681 1181 757 1242 &ad
779 1176 933 1262 Syracusas
957 1181 1047 1264 rapias
1066 1210 1147 1248 emera

150 1304 219 1365 gere.
264 1281 349 1356 Jam,
369 1280 466 1359 siquis
487 1280 623 1349 mitetur,
647 1279 773 1342 nostrum
798 1281 906 1342 Graeco
923 1282 1063 1346 vocabulo
1081 1289 1143 1362 uti,

151 1379 269 1440 afferam
287 1378 409 1441 &alium
423 1377 506 1456 ipsius
519 1376 634 1452 locum,
645 1377 675 1438 in
693 1397 749 1456 quo
766 1381 793 1440 dt
810 1379 847 1439 de
862 1378 971 1440 Siciliae
982 1380 1051 1442 urbe
1066 1386 1147 1462 agita

116 1537 122 1556 ,
152 1479 176 1540 is
194 1479 234 1539 est
250 1478 500 1551 deTaurominio;
522 1496 605 1554 aquo
625 1475 732 1538 didoni
750 1477 788 1538 ait
801 1477 925 1558 oppidum
938 1479 1145 1557 Taurominiurrr,
1179 1509 1184 1518 r

151 1578 225 1656 quod
233 1576 359 1656 oppidum
372 1574 451 1635 aliter
465 1569 588 1648 Euscion
609 1574 689 1634 chora
706 1575 805 1641 dicitur
812 1596 827 1647 ,·
849 1575 885 1637 stc
900 1577 977 1638 enlm
992 1581 1146 1643 emendati·

92 1681 96 1706 ³
152 1675 224 1734 dum
242 1672 282 1734 ibi
304 1673 493 1734 ostendemus.
548 1672 588 1733 lta
610 1671 738 1735 illustrari
762 1672 840 1753 posse
862 1673 1052 1740 obscurillima
1076 1679 1145 1742 alias

152 1773 238 1834 verba
268 1773 395 1848 videtum
432 1772 452 1833 sr
489 1770 606 1833 meliora
632 1770 679 1833 alii
710 1773 917 1848 indicaverint,
956 1793 1019 1837 mea
1043 1776 1146 1840 lubens

156 1871 295 1933 damnabo
360 1871 438 1948 Quid
454 1883 550 1932 autern
569 1871 602 1930 sit
622 1863 831 1950 Anorisprhorom
855 1870 983 1947 ignorare
1002 1891 1048 1932 me
1060 1875 1146 1950 plane

153 1967 253 2030 fateor.
285 1985 405 2032 curuo.
471 1967 674 2031 Dlveilendum
698 1967 737 2028 est
755 1966 828 2029 illu'd
862 1968 935 2030 male
957 1972 1144 2046 conjuratum

149 2064 362 2148 Anarispsoros,
374 2059 429 2158 ‘apt
449 2061 649 2149 Anaposolr'os,
678 2066 720 2128 uti
741 2065 894 2128 Boccacius
910 2066 1004 2146 legisse
1019 2068 1147 2160 videtur,-

148 2167 198 2231 vel
215 2168 257 2230 uti
284 2168 314 2228 in
332 2168 432 2229 codice
457 2167 521 2231 MS.
554 2165 677 2244 legitur,
709 2161 909 2244 Auarosfalos,
938 2167 1015 2228 unde
1039 2167 1144 2249 affingo

152 2267 267 2348 Anapos
281 2263 414 2346 palaias,
438 2264 475 2325 lic
496 2275 528 2326 ut
551 2264 645 2326 sensus
672 2263 706 2324 fit
730 2262 866 2341 appellari
894 2269 1025 2344 Anapum
1054 2260 1144 2330 modo

149 2366 243 2421 uaria,
268 2363 355 2424 modo
367 2367 480 2436 rameii,
498 2377 664 2442 partemque
683 2362 847 2424 inferiorem
864 2365 955 2425 mair,
966 2365 1143 2444 superiorem

149 2463 255 2516 earam
277 2461 354 2535 dici,
369 2460 411 2522 uti
428 2459 495 2521 alias
514 2461 594 2522 fluvii
612 2464 715 2517 aaran
735 2475 958 2540 nuncupantur,
997 2467 1075 2542 quod
1095 2465 1143 2528 vel

152 2575 189 2618 er
207 2558 310 2620 Rheno
327 2559 402 2622 hanc
419 2558 519 2621 urbem
532 2559 678 2633 alluente,
700 2559 788 2637 vulgo
801 2563 849 2619 den
864 2559 1038 2640 oudeanu'jrr
1054 2564 1141 2640 diuo,

150 2654 256 2729 discere
272 2655 428 2736 possumus.
471 2654 716 2732 Palaescamander
734 2673 974 2720 commemoratur
998 2665 1025 2721 ἃ
1051 2661 1142 2724 Plinio

148 2752 200 2814 lib.
218 2753 251 2817 V.
262 2774 287 2817 c.
303 2773 348 2832 30.
365 2755 441 2833 Lego
458 2756 553 2834 itaque
566 2769 658 2817 totum
672 2755 821 2817 articulum
831 2755 983 2820 Vibiauum
995 2760 1032 2818 de
1045 2762 1143 2822 rineeo

146 2855 212 2929 ita,
235 2854 346 2912 Aureus
365 2853 477 2914 Siciliae
499 2899 507 2914 .
531 2895 540 2914 .
561 2900 570 2918 .
592 2853 796 2936 appellaturque
815 2855 939 2934 Anapos,
962 2854 989 2913 d·
998 2857 1057 2936 post
1065 2856 1146 2917 Ana-

139 2973 196 3035 pos
214 2957 290 3014 marla
305 2995 317 3023 ‚
331 2946 453 3034 superior
469 2952 583 3034 Anapos
602 2951 716 3012 aarum
781 2949 841 3012 Nisr
857 2951 931 3012 forte
950 2952 981 3011 in
1001 2971 1073 3014 voce
1090 2950 1141 3029 fit-

139 3050 233 3134 perior
247 3049 304 3112 hoc
321 3051 423 3126 lateat,
445 3050 527 3129 supra
541 3051 643 3112 fatiam
661 3047 717 3110 else
736 3048 820 3132 huius
832 3049 912 3111 fluvii
935 3045 1111 3114 mentionem
1126 3095 1140 3124 ,

143 3168 215 3210 narn
230 3148 269 3210 ita
283 3150 313 3210 in
326 3149 464 3212 Boccacio
482 3147 601 3227 legitur,
625 3147 733 3229 Anapis
752 3147 865 3207 Siciliae
873 3148 980 3224 fluvius
995 3150 1031 3230 est
1044 3148 1144 3212 leniter

136 3245 240 3324 fluens.
284 3248 364 3308 Hunc
382 3247 491 3328 quidam
511 3242 694 3328 Arrapafirlios
716 3264 824 3308 uocarat.
890 3247 927 3308 Et
948 3248 1035 3324 dein,
1059 3269 1149 3312 novo,

143 3342 252 3419 titulo,
274 3347 383 3404 Aureus
403 3343 517 3405 Siciliae
529 3345 689 3424 flaviusefl
710 3389 717 3406 .
741 3389 750 3408 .
775 3389 782 3405 .
818 3359 965 3411 aetrno.
1053 3349 1137 3425 Quae

140 3439 364 3518 elegantissimus
395 3441 530 3505 Claudius
564 3455 644 3504 notat
674 3443 711 3504 de
734 3443 842 3524 Anapos
862 3462 976 3518 curros,
1009 3465 1069 3507 non
1096 3465 1142 3506 re-

138 3539 259 3618 probo;
283 3541 331 3603 diu
341 3555 444 3603 tamen
460 3542 537 3620 apud
549 3541 744 3606 Ravennatem
764 3541 947 3620 Anonymum
959 3560 1011 3619 pro
1032 3545 1143 3621 Anopo-
1192 3531 1197 3542 ‘

135 3633 229 3715 salios
242 3639 313 3700 mihi
335 3639 442 3718 placuit
456 3641 568 3723 Anapos
580 3640 659 3700 avios
672 3636 718 3700 vel
729 3638 820 3700 avius.
860 3637 946 3698 Alius
965 3638 1022 3711 ibi,
1044 3653 1077 3700 ut
1090 3657 1140 3699 re·
1212 3717 1214 3721 Ι

138 3756 208 3798 rum
222 3735 330 3812 fatear,
352 3737 509 3815 flaccescit,
532 3739 613 3799 avius
629 3736 676 3800 vel
691 3736 768 3797 avias
788 3735 905 3816 elegans,
917 3734 957 3796 est
974 3737 1002 3797 δι
1021 3735 1131 3813 epithe-

138 3845 205 3896 tum
227 3837 377 3913 continet,
408 3839 486 3916 quod
510 3835 629 3917 pulchre
650 3836 784 3915 exprimit
815 3833 856 3896 τὴν
886 3834 978 3912 Anapi
1006 3833 1136 3910 ἰδιότητας

137 3931 254 3995 abditos
271 3954 374 4014 nempe
392 3937 472 3998 fluvii
495 3935 553 3998 sese
568 3935 738 3997 occultantis
754 3933 892 4010 recessus,
913 3931 1062 4010 inquibus
1090 3950 1138 3991 re-

138 4047 209 4092 vera
228 4030 335 4112 aliquid
356 4033 498 4114 peculiare
519 4038 727 4108 &memoratu
745 4034 873 4115 dignum·
932 4032 1011 4100 Haec
1037 4043 1133 4098 autem
