2836 4718
296 309 376 395 320
520 297 701 362 nornis
760 276 1076 360 viltronum

291 459 349 538 ἕπερ
379 457 567 534 ὂμλεγυμίνος
606 453 783 532 ἱπιφινέηιτίι
814 456 850 514 lea
883 437 921 530 ecl
942 477 970 513 τι
990 449 1091 544 ntorlrp
1112 465 1137 531 ’b
1161 463 1193 538 τῇ
1215 464 1288 540 ῃηῇ

290 554 417 638 xpus-calpa
443 557 492 615 aeis
512 555 582 617 usal
604 552 646 619 aab
668 557 784 614 Σικιὶάαν
812 547 897 628 ltpro‘r‘
933 555 964 610 H‘
987 550 1015 610 sl
1045 556 1115 618 oro'ttte
1139 553 1181 614 ὑπ’
1215 557 1293 622 dorda

291 655 334 718 eir
349 655 453 733 upupis
481 655 608 719 elaeusa«.
650 651 684 714 ln
701 672 822 714 nummo
845 651 877 714 C.
896 651 1021 716 Confidii
1039 652 1185 734 Noniani,
1204 671 1289 738 qoem

291 759 320 820 dc
339 759 413 820 inter
432 752 592 818 consulares
615 751 732 814 exhibet
747 751 914 814 Vaillantius
931 752 967 814 T.
984 753 1009 832 J.
1036 755 1093 818 tab.
1124 777 1173 831 45.
1206 769 1288 836 putat

291 858 501 940 spanhemius,
524 852 593 914 hinc
619 851 738 921 Veneris
756 851 897 930 Erycinae
921 864 1024 928 caput,
1060 868 1156 932 myrto
1178 857 1288 936 insigni.

292 971 355 1022 tum
379 951 517 1034 spectari,
531 1009 535 1015 .
549 951 618 1012 inde
646 950 788 1028 templum
818 945 902 1029 ipsius
928 949 1076 1027 Siculum,
1115 954 1146 1015 in
1183 959 1288 1020 vertice

288 1056 398 1118 montis
422 1053 562 1132 politum,
588 1047 671 1129 quale
690 1049 825 1112 describit
858 1049 1002 1128 Polybius.
1041 1051 1159 1115 uranus
1188 1071 1288 1120 contra

290 1156 326 1216 ad
351 1152 381 1214 id
404 1150 543 1229 templum
562 1148 690 1226 ejusdem
716 1149 792 1210 Deae
802 1149 815 1223 ,’
848 1169 914 1210 nam
943 1147 1054 1212 cultum
1079 1153 1141 1227 ejus
1171 1155 1288 1234 adopta.

208 1283 212 1290 ·
290 1268 358 1317 runt
380 1254 522 1327 Romani,
546 1250 624 1328 quod
639 1267 730 1328 prope
747 1263 859 1326 portam
885 1246 1013 1310 Latinam
1038 1249 1147 1311 Romae
1175 1253 1287 1330 extitit,

290 1351 473 1414 referendum
492 1348 633 1428 perhibet.
668 1347 783 1410 Secedit
807 1348 843 1409 ab
863 1360 986 1426 utroque
1004 1348 1170 1413 Vaillantius
1192 1355 1220 1414 dc
1242 1373 1289 1416 ae·

291 1453 342 1512 des
365 1452 425 1526 ejus
444 1450 474 1509 in
493 1447 635 1526 Capitolio
654 1447 774 1524 positas,
800 1446 925 1526 quasque
951 1449 989 1525 Q.
1007 1443 1108 1510 Fabius
1126 1449 1204 1513 Max.
1237 1453 1288 1514 Di·

291 1551 381 1610 tiator
406 1549 540 1619 voverat,
581 1545 705 1624 spesiare
723 1545 773 1606 fibi
798 1547 909 1608 videtur
932 1547 968 1607 in
996 1547 1171 1610 numismate.
1221 1550 1286 1612 Pro·

289 1645 446 1725 spiciuntur
466 1645 542 1706 enim
558 1645 650 1706 monti
678 1644 825 1722 impositae
846 1645 874 1706 ἃ
893 1645 967 1706 insta
989 1645 1092 1708 adsunt
1119 1647 1190 1708 muri
1216 1667 1285 1710 cum

289 1761 392 1826 porta,
430 1765 486 1823 qua
511 1744 547 1807 ad
569 1742 743 1822 Capitolium
769 1741 984 1805 ascendebatur.
1020 1744 1064 1804 Ad
1082 1745 1207 1807 Siculum
1215 1745 1293 1825 Ery·-

290 1849 388 1911 cinum
407 1843 548 1923 templum
565 1857 597 1906 ut
622 1842 759 1918 redeam,
789 1842 825 1904 de
850 1843 911 1917 ejus
942 1845 1056 1904 auetore
1082 1845 1109 1905 ἃ
1134 1843 1287 1907 fundatore

288 1966 350 2008 non
376 1945 513 2008 convenit
533 1945 608 2005 inter
631 1956 751 2005 veteres.
784 1943 911 2004 Aeneam
930 1941 1111 2004 conditorem
1134 1942 1222 2022 vulgo
1249 1945 1287 2006 sa·

290 2047 371 2108 ciunt
391 2043 665 2123 Erycis‚uterinnm
691 2041 818 2104 fratrem.
852 2041 932 2103 Inter
953 2040 1023 2104 alios
1053 2039 1187 2120 Virgilius
1213 2043 1284 2105 Aen.

290 2143 323 2206 L.
347 2143 381 2204 V.
402 2163 431 2205 v.
453 2157 523 2218 759.
542 2142 579 2202 de
601 2142 697 2202 Aenea
717 2140 779 2202 fic:

419 2265 449 2324 T
444 2283 488 2322 um
514 2262 606 2322 vicina
630 2263 708 2343 astris
732 2258 854 2343 Erycino
877 2261 1021 2324 &vertice
1041 2257 1121 2337 sedes

412 2361 556 2420 Fundetur
582 2359 674 2419 Vcnmi
700 2359 808 2420 Idaliae
848 2401 861 2416 .
941 2392 954 2405 ·
1036 2393 1050 2406 ·

288 2485 371 2570 plora
391 2485 471 2557 dabit
497 2483 646 2546 Cluverius
668 2483 723 2546 Sic.
747 2499 806 2550 ant.
835 2485 866 2548 L.
890 2483 928 2550 ll.
954 2505 980 2548 c.
1011 2505 1039 2552 1.
1071 2483 1115 2547 De
1144 2484 1286 2578 hodierno

287 2588 361 2652 statu
377 2586 483 2648 montis
502 2582 694 2648 consulendus
709 2581 838 2646 Fazellus
848 2629 857 2658 ,
869 2585 917 2662 qui
934 2583 1039 2646 Decad.
1055 2582 1078 2645 l.
1092 2584 1122 2646 L.
1137 2584 1200 2647 vll.
1216 2607 1244 2653 c.
1260 2607 1286 2665 3.

288 2733 311 2767 ,‚
333 2686 421 2750 Mons
446 2683 494 2746 hic
511 2681 584 2746 solus
607 2682 666 2744 stne
687 2682 800 2745 alterius
826 2681 991 2761 cujusquam
1017 2685 1122 2745 montis
1142 2685 1288 2748 consortio

288 2827 313 2856 „
333 2786 477 2864 perstans,
494 2783 578 2844 maris
594 2781 743 2856 fluetibus,
767 2802 823 2860 qua
849 2783 961 2845 ltaliam
990 2783 1115 2861 spedat,
1143 2783 1287 2860 adluitur,

289 2927 312 2960 ‚,
333 2895 418 2960 atque
434 2880 604 2957 altitudine,
630 2894 752 2960 excepto
776 2884 866 2944 Aetna
889 2882 1090 2956 &Nebrode,
1112 2884 1225 2945 omneis
1246 2885 1291 2945 Si.
1392 2859 1393 2904 3

289 3025 310 3058 ,‚
333 2982 415 3043 ciliae
429 2982 552 3042 montcis
573 2979 694 3058 superat.
716 3013 731 3026 ·
750 3019 762 3032 ·
781 3019 794 3032 -
816 2981 850 3042 ln
871 2985 932 3057 ejus
957 2983 1062 3043 vertice
1077 2980 1208 3059 planities
1228 2983 1288 3057 est3

290 3120 313 3154 ‚,
336 3078 385 3139 ubi
407 3077 476 3138 olim
503 3079 620 3139 Veneris
647 3078 788 3158 templum
819 3096 902 3157 erat,
943 3083 971 3144 &
1004 3079 1099 3162 paullo
1121 3080 1196 3142 infra
1219 3082 1289 3144 urbs

289 3221 311 3254 „
334 3175 461 3250 ejusdem
481 3178 606 3238 nominis
619 3178 766 3240 adhuc'est
786 3217 798 3231 -
820 3217 832 3225 -
853 3211 867 3225 ·
889 3181 1009 3242 Steterat
1029 3196 1124 3242 autem
1142 3181 1290 3258 templum

290 3320 312 3354 „
336 3272 406 3374 olim
427 3275 458 3366 in
481 3275 542 3353 ipso
566 3289 683 3352 monte3
707 3252 825 3340 ublarx
846 3279 885 3340 est
908 3280 995 3342 hodic
1021 3280 1095 3343 vasta
1126 3282 1153 3340 dr
1184 3280 1290 3358 ingens

288 3416 312 3454 „
334 3377 362 3437 b
384 3375 415 3434 in
430 3393 501 3451 rupe
519 3376 590 3437 mire
609 3374 764 3440 excelsa&
787 3381 935 3456 praecipiti
957 3413 970 3425 -
990 3419 1003 3432 -
1024 3412 1037 3423 -
1057 3418 1070 3431 -
1090 3379 1120 3439 in
1140 3398 1195 3454 qua
1221 3379 1290 3441 nul·

207 3529 208 3534 ,
288 3518 311 3552 ,,
333 3472 394 3535 lum
413 3473 529 3549 quidem
554 3473 647 3536 sacrae
662 3478 739 3539 aedis
763 3478 912 3556 vestigium
934 3480 964 3538 in
984 3477 1131 3555 superficie
1145 3478 1287 3554 adparet;

287 3617 310 3651 „
331 3571 423 3634 solum
441 3572 579 3636 duntaxat
603 3577 673 3638 arcis
694 3592 862 3645 excavatum
884 3576 989 3656 plureis
1011 3579 1039 3637 &
1060 3595 1110 3638 eos
1142 3577 1289 3639 maximos

287 3715 309 3749 „
331 3671 427 3734 subter
447 3672 545 3749 prodit
567 3671 684 3750 lapides.
721 3677 799 3753 Quin
825 3681 851 3740 dr
876 3675 991 3738 fossores
1017 3675 1047 3736 in
1078 3675 1178 3737 diversi
1206 3676 1291 3737 colo-

289 3811 310 3846 „
333 3772 370 3832 ris
410 3769 543 3848 lapillulis
573 3771 744 3847 tessellatum
772 3777 925 3839 inciderint
951 3777 1171 3856 pavimentum,
1204 3775 1287 3852 quod

289 3907 310 3944 „
332 3868 445 3951 Euscini
462 3869 562 3952 templi
581 3888 802 3939 monumentum
824 3875 879 3940 eise
900 3897 961 3941 non
984 3874 1163 3954 ambigimus.
1203 3875 1242 3938 Ο.

1087 4040 1287 4154 Eryman·
