2836 4718
257 325 340 418 ¹274
481 315 666 382 noran
722 311 1045 387 vastrorum

458 537 568 633 ΑΙ)
634 541 1055 633 PALUDES

650 739 892 838 Ambracia
994 739 997 746 ⁴

303 922 454 1002 Achaiae)
476 916 613 986 simlerus
629 919 820 1000 Acarnaniae.
848 923 1011 988 Achamr'ae·
1026 943 1080 1004 pro
1091 924 1267 990 Acarnania

257 1027 376 1106 iuliis.
396 1023 528 1086 meminit
543 1021 682 1086 invenisse
705 1022 809 1086 Vlitiur
830 1024 868 1086 ad
886 1024 976 1088 Gratii
997 1043 1099 1104 cyneg.
1134 1045 1163 1088 r.
1192 1035 1264 1099 184.

263 1146 331 1189 eum
350 1125 424 1186 vide.
462 1121 611 1186 Ambracia
640 1140 710 1184 vero
734 1123 774 1184 eli
806 1123 946 1201 oppidum
977 1121 1174 1202 Thesprotiae.
1218 1123 1264 1186 De

262 1223 368 1306 palude
381 1221 530 1286 Ambracia
554 1218 625 1282 nihil
651 1221 776 1282 occurrit
793 1223 852 1298 jam
880 1221 971 1286 mihi:
1019 1223 1064 1286 Ex
1092 1220 1265 1303 paludibus,

263 1343 336 1404 quae
356 1322 527 1385 Ambracum
549 1319 647 1382 locum
669 1321 825 1398 quemdam
848 1321 1016 1385 Ambraciae
1045 1319 1265 1385 munitissimum

263 1415 400 1501 cingunt,
432 1439 488 1482 una
515 1419 629 1480 sorsrtan
652 1419 801 1481 Ambracia
830 1420 904 1482 dina
925 1420 974 1482 est.
1005 1421 1092 1480 κεῖται
1112 1417 1172 1476 l'h
1201 1415 1266 1492 nsp-

263 1547 313 1584 κισ
331 1523 382 1582 iste
401 1520 572 1593 Ambiacum
586 1505 655 1580 teste
666 1517 785 1597 Polybio
807 1519 904 1580 histor.
923 1517 1012 1581 1.1v.
1027 1537 1050 1580 c.
1063 1527 1266 1585 srnnssnr,

303 1617 347 1682 De
374 1618 523 1680 Ambracia
542 1617 647 1695 palude
668 1617 718 1678 etsi
744 1617 822 1696 apud
844 1617 915 1680 alios
941 1617 1091 1696 scriptores
1117 1616 1204 1680 altum
1227 1615 1266 1684 fir

261 1717 423 1792 silentium,
441 1717 567 1780 sufficere
585 1730 681 1779 tamen
701 1715 854 1796 Polybium
871 1716 972 1779 testem
988 1717 1174 1790 crediderim
1196 1716 1265 1778 Am·

241 1879 245 1887 ,
261 1815 365 1880 bracus
380 1815 579 1880 munitflmus
598 1814 678 1879 locus
689 1860 698 1890 ‚
709 1817 740 1876 in
756 1814 859 1878 mediis
881 1815 1033 1896 paludibus
1049 1815 1132 1892 situs,
1147 1813 1266 1878 Ambra·

262 1917 338 1978 ciam
362 1914 497 1994 paludem
515 1915 628 1993 probat.
665 1915 715 1986 Ast¹
725 1917 900 1976 Acarnaniae
924 1917 1003 1996 quod
1030 1915 1110 1978 iiiam
1126 1914 1267 1977 adscribat

263 2014 382 2090 Vibius,
406 2033 474 2076 nam
497 2013 622 2075 Achaim
641 2029 739 2094 aperte
754 2011 856 2077 falsum
873 2015 933 2090 eli,
959 2015 990 2077 id
1005 2016 1090 2078 nimis
1110 2013 1166 2076 lato
1183 2011 1266 2076 sensu

261 2115 452 2202 praedicatur.
476 2113 569 2176 Trans
592 2113 773 2178 Ambracium
796 2113 887 2178 sinum
906 2113 1074 2178 habitabant
1090 2115 1264 2187 Acarnanes,
1362 2125 1374 2144 ⁰

262 2231 360 2290 neque
381 2210 545 2289 adstipulari
565 2214 680 2289 penitus
707 2213 818 2292 polium
840 2211 945 2287 Vlitio,
967 2215 1015 2292 qui
1040 2195 1135 2275 verbis
1151 2211 1187 2278 ab
1196 2213 1269 2276 fler-

263 2309 332 2372 lelio
349 2309 537 2388 transscriptis
558 2310 672 2388 subjicit
714 2313 956 2388 „circumjacent
975 2313 1053 2374 enim
1071 2311 1266 2376 Ambracium

262 2447 286 2485 ,‚
304 2407 400 2469 sinum
423 2409 594 2472 Acarnanes.
615 2455 637 2486 ,‚
681 2409 816 2491 Polybius
840 2411 906 2474 sane
928 2412 961 2477 L.
982 2431 1009 2475 e.
1034 2433 1059 2476 c.
1080 2408 1147 2492 ⁶3?
1173 2413 1266 2476 sinum

264 2505 449 2570 Ambracium
480 2506 607 2586 separare
627 2510 748 2588 Epirum
772 2511 808 2573 ab
844 2512 1001 2573 Acarnania
1022 2512 1118 2574 docet.
1163 2509 1265 2589 Itaque

262 2607 424 2668 Acarnanes
448 2608 597 2685 quidema
617 2611 737 2671 meridie
757 2609 911 2689 cingebant
937 2611 1120 2673 'Ambracium
1152 2610 1264 2686 sinum,

264 2703 353 2770 hodie
377 2702 458 2784 Galsa
473 2709 505 2766 de
524 2709 612 2769 Larra
634 2708 681 2770 vel
702 2705 784 2789 Golflr
810 2707 939 2782 d'Arta3
968 2709 1007 2770 ast
1021 2709 1218 2771 Ambraciotae
1228 2709 1267 2770 ad

264 2801 488 2882 septentrionem
515 2806 683 2870 habitabant
700 2808 731 2868 in
749 2808 920 2886 Thesprotia
938 2809 1025 2886 Epiri.
1057 2809 1101 2870 Ad
1118 2809 1265 2869 hancnon

265 2903 303 2964 ad
328 2904 515 2966 Acarnaniam
533 2905 620 2967 relata
637 2907 677 2968 est
699 2908 847 2969 communi
868 2906 1104 2986 Geographorum
1123 2903 1261 2968 consensu

266 3001 427 3069 Ambracia.
461 3003 561 3081 ltaque
579 3004 694 3068 Vibium
712 3006 826 3068 &heic
845 3003 896 3067 suo
923 3025 1005 3067 more
1032 3003 1112 3085 eglise
1139 3002 1266 3066 dixerim

268 3101 297 3161 &
323 3099 359 3160 ad
379 3099 484 3191 limites
509 3105 682 3166 Acarnaniae
708 3125 769 3167 non
784 3103 934 3168 attendisse
954 3103 1035 3181 satis,
1068 3109 1148 3179 cujus
1174 3101 1271 3181 negli-

266 3199 380 3277 gentina
398 3200 573 3265 documenta
592 3203 691 3282 pailim
712 3206 799 3267 dedit.
835 3202 943 3266 Verum
962 3223 1022 3264 non
1052 3199 1164 3280 prorsus
1187 3201 1270 3262 omni

267 3300 427 3378 patrocinio
448 3302 609 3366 destituitur
632 3304 804 3384 Sequetur,
827 3301 1006 3366 Ptolemaeus
1039 3301 1070 3364 l..
1088 3299 1140 3363 111.
1171 3319 1197 3362 c.
1220 3319 1270 3372 ¹4·

207 3461 214 3478 ff,
268 3399 319 3462 ubi
352 3399 471 3478 Epirum
503 3401 657 3480 describit,
699 3403 882 3466 Ambraciam
905 3399 1102 3466 Acarnanibus
1128 3394 1268 3462 attribuit
1316 3435 1319 3444 ι

268 3497 312 3562 lta
333 3497 407 3563 ille:
467 3499 506 3565 'Er
528 3490 565 3579 aql
589 3497 734 3578 ’Apmpatrrt'q
765 3497 851 3578 rudharp

516 3591 724 3664 numantia

473 3691 599 3777 Ἀροῖχέον
630 3721 688 3760 mr.
718 3693 830 3768 ἕκβολᾶι.

474 3792 624 3873 'Amarda

187 3963 189 3972 γ
473 3889 569 3952 'Aram
591 3894 646 3953 dcc.

266 3985 367 4068 inqu·
387 3992 426 4054 fic
446 3989 522 4053 Vibii
550 3989 650 4053 saltem
677 3991 828 4080 antiphas
848 3991 919 4063 sarra
942 3993 1017 4058 tecla
1030 3990 1091 4062 trit.
1141 3986 1179 4058 Iu
1199 3985 1270 4056 tuot
