2836 4718
273 309 372 390 262·
518 320 701 382 sorra
758 316 1080 400 vauronum

270 482 304 548 L.
318 480 369 544 lll·
398 499 425 542 o.
444 499 490 548 η.
522 478 556 544 In
572 479 678 544 Narem
697 495 811 563 amnem
832 474 975 554 effusum,
1025 476 1151 542 maxime
1180 497 1277 556 quum

274 573 330 656 Μ’.
350 579 451 642 Curius
472 579 610 642 Dentatus
631 595 655 638 a.
678 598 706 639 u.
732 584 801 652 463.
834 575 970 642 interciso
989 589 1088 638 monte
1113 575 1195 644 latius
1220 577 1276 656 ipsi

272 676 349 740 lacui
372 675 520 754 aperuisset
539 675 658 750 ostium,
684 694 720 736 ex
740 674 879 736 Cicerone
898 688 995 752 patet,
1020 675 1106 752 loco,
1133 696 1220 754 quern
1236 678 1277 738 ca

273 789 316 838 tat
338 775 484 837 llaffelius.
520 775 559 836 Ea
574 793 618 835 res
631 774 815 854 postmodum
836 773 962 835 Reatinis
985 777 1012 836 ἃ
1032 775 1275 840 Interamnatibus

272 875 358 950 jurgii
380 872 502 934 cauliana
518 859 607 935 dedit.
650 871 742 934 Testis
761 888 871 950 praeter
883 873 1054 936 Ciceronem
1069 874 1187 940 Tacitus
1202 896 1274 960 quo·¹

275 990 331 1048 que
353 969 453 1032 Annal.
472 971 503 1038 L.
527 970 550 1033 l.
568 992 594 1040 c.
611 989 658 1048 79,
673 971 737 1044 Jam
753 987 785 1038 ut
801 973 836 1036 ad
855 972 972 1034 Vibium
989 974 1127 1036 accedam
1144 976 1277 1054 propius,

274 1069 399 1142 vulnus,
423 1071 533 1132 dudum
550 1070 602 1149 ipsa
622 1069 754 1143 illatum,
772 1090 826 1133 nec
840 1070 953 1133 Hellelii
972 1089 1027 1132 nec
1046 1072 1185 1134 Gronovii
1208 1091 1277 1134 con·

275 1170 385 1246 Jeerura
402 1169 531 1234 sanatum
552 1169 681 1234 arbitror.
712 1169 883 1256 Boccacius,
902 1169 949 1248 qui
976 1169 1033 1252 ita:
1072 1168 1158 1236 Velini
1182 1166 1278 1248 fhutes

275 1267 378 1336 Italiae
395 1265 470 1327 ultra
482 1266 648 1332 Interamnae
659 1261 741 1347 sarar,
765 1267 812 1328 alii
831 1267 928 1330 ansam
945 1267 1116 1346 suppeditat·
1169 1268 1279 1347 Forsan

275 1363 414 1442 scripserit
430 1366 544 1433 Vibius:
573 1365 683 1430 Velinus
697 1365 770 1430 ultra
791 1368 959 1428 interamnae
974 1367 1074 1430 labens.
1104 1366 1169 1432 Hoc
1185 1369 1216 1428 ni
1231 1367 1277 1440 fit,

275 1463 400 1542 placebit
420 1464 539 1528 forratas
558 1465 652 1535 istud:
686 1464 798 1531 Velinus
821 1466 850 1524 in
871 1467 976 1534 Narem
1001 1467 1091 1528 labem
1113 1479 1163 1532 aut
1189 1465 1280 1532 Velini

275 1561 304 1629 t'u
324 1563 428 1628 Narem
447 1563 575 1652 labemus.
607 1564 740 1632 Rediiora
759 1565 808 1644 qui
826 1565 955 1642 dederit,
983 1567 1010 1635 ei
1025 1565 1128 1638 lubens
1150 1563 1279 1650 adstipu-

275 1658 366 1732 labor.
408 1663 445 1726 Ο.

679 1801 872 1889 Venatus
949 1861 956 1871 -

285 2079 288 2086 Δ
318 1994 409 2058 Lacus
432 1997 479 2059 hic
500 1997 531 2063 in
548 1999 593 2060 ed.
613 1997 753 2062 Tolosana
778 1997 924 2066 deficit&
951 2001 1046 2072 teile3
1069 2017 1135 2061 nam
1150 1993 1279 2075 superius

280 2087 320 2153 ist
331 2098 454 2162 Benacus
469 2099 524 2166 &c
543 2099 589 2160 Est
603 2113 699 2160 autern
716 2100 815 2186 lacus,
837 2117 873 2160 ex
885 2117 942 2175 quo
960 2087 1084 2161 Mincius
1095 2097 1202 2162 flumen
1221 2097 1279 2158 ori-

280 2201 346 2265 tur,
374 2194 452 2270 quod
470 2197 644 2272 praeterfluit
663 2199 822 2261 Mantuam.
845 2197 889 2259 De
905 2215 940 2258 eo
956 2217 985 2261 v.
1001 2197 1108 2258 Probus
1127 2197 1165 2258 ad
1178 2195 1277 2274 Virgil.

281 2287 384 2368 Georg.
398 2293 430 2359 L.
442 2293 477 2354 ll.
494 2314 521 2355 v.
541 2301 607 2362 160.
629 2311 783 2368 nassum*
823 2369 825 2373 ,
852 2297 908 2358 Hic
924 2292 1058 2360 articulus
1072 2297 1150 2355 recle
1164 2294 1240 2355 deest
1249 2295 1280 2357 in

156 2409 160 2428 ¹
280 2384 343 2448 MS.
364 2388 484 2452 Mediol.
518 2393 593 2454 Nam
610 2393 688 2456 lacus
709 2409 825 2468 vocatur
847 2397 991 2465 acuam
1025 2395 1108 2469 cujus
1128 2395 1186 2469 ianr
1219 2411 1279 2454 rna-

279 2485 366 2553 minis
387 2488 542 2568 Sequetur.
567 2508 722 2559 Gaoaov.
809 2495 908 2572 qum
927 2495 1004 2556 recle
1016 2492 1117 2560 Vibius
1136 2491 1281 2570 scripserat

281 2579 332 2652 suo
347 2586 431 2658 loco:
448 2589 573 2662 Benacus
586 2596 640 2656 &cl
655 2594 729 2658 forte
739 2593 854 2656 fortuna
867 2593 899 2654 iu
914 2591 1081 2670 quibusdam
1100 2589 1194 2664 libris,
1211 2609 1282 2666 con·¹

236 2723 246 2736 -
282 2694 325 2744 tra
342 2683 487 2754 literarum
501 2694 619 2768 quidem
641 2705 772 2756 tenorem
785 2692 833 2756 sed
849 2713 943 2780 prono
958 2686 1172 2754 amanuenhum
1188 2689 1280 2768 lapsu,

286 2780 534 2876 V‘ncfur'irrepfit
554 2813 607 2870 pro
626 2795 766 2868 Benacus,
803 2793 882 2869 quod
905 2790 1021 2862 simulac
1045 2790 1137 2866 nasuti
1160 2788 1281 2863 alicujus

285 2883 470 2980 Grammatici
491 2892 592 2966 oculos
613 2893 643 2958 in
665 2891 694 2952 se
717 2891 885 2962 convertit,
914 2890 1007 2956 bonus
1036 2889 1084 2954 ille
1112 2890 1147 2949 de
1168 2888 1293 2967 Benacu-

283 3000 345 3044 non
362 2981 488 3073 cogitans
509 2992 675 3070 &genuina
691 2991 778 3066 γραφῇ
787 3028 795 3050 ,
818 2981 888 3054 niox
912 2988 989 3058 lacus
1008 2988 1119 3052 alterius
1140 2985 1282 3054 existima·

283 3081 326 3168 vit
343 3101 475 3170 nornen?
490 3088 619 3169 adeoque
638 3091 752 3154 codices
772 3078 841 3157 alios
861 3073 912 3152 suo
928 3087 994 3151 loco
1012 3088 1057 3150 his
1070 3085 1222 3166 splendidis
1241 3084 1286 3146 lo.

174 3215 176 3222 ·
262 3178 442 3268 Qupletavit
463 3187 586 3263 oppidol
612 3190 734 3253 lariacus
750 3186 928 3270 Galliae&c.
946 3187 976 3249 id
1000 3187 1079 3265 quod
1107 3183 1219 3263 postea,
1253 3196 1287 3248 ut

286 3295 364 3344 error
383 3299 508 3346 errorem
522 3286 628 3366 trahit,
663 3287 700 3349 in.
719 3288 847 3348 Veuatius
870 3286 912 3347 -ab
939 3285 1040 3346 iisdem
1070 3281 1288 3346 Lucumonibus

287 3392 439 3445 mutatum.
462 3397 507 3454 DE
529 3400 642 3448 Pnuw.
729 3385 829 3454 Codex
843 3405 924 3450 meus
940 3398 1062 3462 unoque
1080 3382 1147 3447 loco
1160 3379 1290 3460 agnoscit

286 3477 365 3548 hunc
383 3484 591 3563 paragraphum
612 3489 640 3548 ἃ
658 3485 760 3553 ultimo
778 3485 843 3548 loon
867 3487 1008 3557 raucus,
1027 3484 1114 3545 recle.
1146 3480 1205 3556 Qui
1215 3476 1287 3556 legit

288 3597 340 3656 ea,
364 3584 626 3658 quaedodliffimus
642 3587 747 3648 Pierius
769 3583 894 3648 contulit
906 3583 941 3646 ad
961 3580 1069 3660 Virgilii
1093 3579 1130 3645 lL.
1148 3578 1190 3640 X.
1216 3581 1288 3638 Aen.

288 3697 317 3743 u.
341 3698 411 3757 205.
428 3682 465 3744 de
486 3683 687 3763 orthographia
706 3685 792 3761 hujus
811 3683 890 3746 vocis
917 3683 944 3742 u
967 3679 1123 3750 similium²
1157 3673 1289 3748 videbit,

288 3797 351 3845 uon
376 3779 431 3842 effe
451 3781 601 3848 fortuitum
618 3801 764 3858 errorem,
799 3780 849 3852 sed
878 3779 1055 3845 constantem
1082 3777 1168 3850 etiam
1182 3774 1292 3838 *Gram-

285 3877 463 3960 maticorum
490 3882 615 3944 virorum
630 3881 770 3942 scribendi
795 3899 916 3944 morem.
967 3879 1025 3956 Qui
1039 3896 1135 3954 -quam
1158 3874 1291 3950 antiquus

292 3967 347 4050 st,
367 3995 421 4054 ego
440 3999 501 4042 non
521 3981 711 4057 definierim„
734 3979 783 4044 sed
803 3982 863 4056 jam
897 3974 1033 4042 Hadriani
1060 3991 1193 4054 tempore
1218 3967 1293 4032 obti-
