2830 4716
273 315 353 422 236
523 333 704 402 nornis
761 333 1072 398 vnnronum

269 489 403 568 Mennis,
428 487 475 558 vel
498 489 644 556 Menenius
672 491 792 572 (potius
812 491 986 572 menum)
1021 495 1079 558 live
1106 494 1264 578 Memrfisz

266 589 358 653 altreie
378 587 468 668 egiss,
492 590 607 667 quae&
629 587 749 650 nortun
770 587 838 664 erin
860 591 907 653 vel
928 588 1002 667 λίμνη
1030 592 1144 652 nasim
1164 595 1264 658 saluta.

267 689 366 764 batur,
386 689 456 752 item
477 688 594 761 nuaram
615 683 740 748 Πυλίων.
770 687 814 749 De
834 689 933 752 Palicis
950 690 1009 752 Diis
1032 709 1085 753 nos
1116 690 1198 770 supra
1226 710 1265 756 ex

266 788 416 853 Macrobio
430 787 466 848 ad
488 782 663 862 Symaethon
680 783 800 848 fluvium
818 805 881 866 pag.
901 808 967 866 ¹93·
993 788 1119 850 crateres
1133 789 1198 851 illos
1215 788 1266 849 de-

265 888 361 954 scribit
376 887 474 959 idem‚
497 883 543 945 cui
565 883 727 962 pungendus
747 884 891 948 Diodorus
914 885 1025 950 Siculus
1044 887 1075 950 L.
1091 888 1138 949 cit.
1160 907 1185 948 c.
1211 897 1265 956 88.

267 1005 303 1050 ex
325 984 427 1062 quibus
443 982 630 1060 intelligitur,
652 999 703 1044 cur
724 983 801 1060 apud
817 985 954 1048 Ovidium
976 997 1094 1050 metam.
1118 985 1152 1051 L.
1172 984 1206 1046 V.
1232 1002 1261 1048 v.

266 1104 336 1162 4ος.
360 1083 489 1152 infernus
515 1097 611 1158 raptor
947 1163 951 1171 ⁸

389 1199 490 1275 Perque
510 1193 589 1252 lacus
606 1191 679 1252 altos
695 1192 722 1252 ἃ
738 1191 837 1252 olentia
853 1187 957 1274 [ulfiam
970 1190 1063 1273 finus

387 1295 495 1376 Stagna
522 1290 679 1352 Palicorum
765 1323 779 1338 ·
862 1323 873 1337 ·

264 1393 425 1456 Commode
446 1411 513 1454 cum
535 1385 673 1454 Solfa'tara
688 1387 878 1466 Neapolitana
897 1391 1018 1468 proinde
1037 1391 1205 1456 Menaidem
1221 1389 1265 1452 la·

265 1513 332 1556 cum
348 1503 494 1568 comparat
515 1487 686 1557 D'Orvillius
710 1488 741 1549 in
759 1488 860 1552 Siculis
885 1489 922 1552 T.
947 1489 969 1552 1.
998 1509 1026 1569 p.
1044 1498 1108 1560 168.
1132 1489 1263 1552 Meretur

265 1593 384 1656 omnino
407 1587 557 1662 Fazellus,
581 1605 667 1665 quem
687 1587 724 1648 de
741 1589 894 1652 recentiori
918 1588 990 1653 statu
1009 1589 1096 1650 fontis
1122 1585 1168 1648 vel
1183 1586 1262 1648 lacus

264 1689 422 1752 audiamus.
447 1687 490 1753 lta
512 1685 561 1747 ille
584 1684 692 1748 Decad.
705 1685 727 1746 1.
743 1685 774 1748 L.
788 1685 838 1752 111.
864 1706 891 1751 c.
912 1705 941 1753 a.
1001 1732 1023 1763 „
1048 1687 1152 1753 Extant
1172 1684 1262 1747 hodie

263 1832 286 1866 ‚,
307 1790 337 1850 in
358 1788 461 1851 eodem
477 1784 552 1848 colle
566 1783 643 1848 urbis
660 1783 769 1848 Palicae
790 1778 925 1862 vestigia,
951 1803 1010 1845 non
1033 1805 1138 1863 magno
1161 1795 1262 1848 tamen

263 1933 284 1964 ‚‚
306 1887 421 1948 interim
440 1884 550 1946 anrbitu
579 1881 799 1961 comprehensa:
823 1883 924 1962 templi
945 1904 1059 1963 quoque
1074 1885 1157 1964 ipsius
1191 1883 1263 1959 (ni-

261 2026 284 2063 „
306 1989 410 2049 mirum
430 1983 609 2058 Palicorum)
635 2001 737 2062 magna
752 1982 825 2046 circa
846 1981 940 2046 lacum
962 1987 995 2045 ,&
1022 2003 1054 2045 ea
1076 2003 1128 2062 pro
1158 1981 1260 2057 majori

262 2129 285 2162 ,‚
308 2099 387 2162 parte
401 2083 504 2145 obruta
527 2097 723 2143 monumenta.
768 2079 859 2142 Lacus
880 2095 976 2142 autem
993 2081 1051 2160 ipse
1072 2083 1107 2143 ad
1120 2079 1259 2158 angulum

261 2228 284 2259 ,‚
307 2183 435 2260 planitiei
455 2181 494 2244 est
510 2181 584 2244 circa
599 2180 680 2242 collis
704 2179 833 2256 radices,
856 2179 987 2246 turbidus
1005 2182 1032 2242 dr
1053 2179 1118 2242 mali
1143 2179 1259 2252 odoris,

262 2279 431 2358 „ambitus
458 2277 587 2356 polluam
610 2297 671 2338 non
698 2280 794 2340 minus
813 2296 948 2355 centum3
979 2281 1009 2346 in
1039 2281 1122 2353 cujus
1143 2297 1261 2360 quoque

259 2423 282 2455 „
305 2379 401 2440 medio
418 2392 473 2440 tres
496 2376 582 2453 sunt,
612 2375 700 2442 veluti
721 2377 793 2440 ollae
817 2377 867 2440 sub
893 2380 959 2458 igne
988 2378 1144 2452 ferventis,
1170 2398 1259 2456 aqua-

261 2523 283 2554 „
305 2499 368 2546 rum
382 2476 580 2554 scaturigines,
602 2496 675 2554 quae
690 2478 827 2540 continua
849 2479 1007 2540 etiamnum
1028 2463 1258 2540 eructationes!

261 2620 282 2651 „
307 2593 361 2638 tres
382 2577 493 2642 circiter
509 2574 620 2644 cubitos
640 2576 671 2636 in
690 2575 797 2650 altum,
828 2579 984 2639 comitante
1004 2592 1143 2654 perpetuo
1167 2577 1258 2638 aestus

260 2721 282 2752 ‚,
298 2694 470 2748 murmure,
493 2694 579 2752 aquas
608 2673 749 2750 efferunt,
778 2674 944 2754 rursumque
964 2676 1099 2738 cadentes
1119 2676 1256 2740 infinum

260 2819 281 2851 „
304 2775 486 2852 recipiuntur.
532 2774 625 2850 Aquas
644 2773 729 2848 hujus
745 2773 867 2852 stagnisr
889 2794 973 2837 mane
995 2789 1061 2836 ante
1081 2773 1147 2836 solis
1171 2794 1257 2836 exor-

260 2919 281 2951 „
305 2888 367 2935 tum
389 2873 470 2959 bruta
487 2873 670 2949 potaverint,
692 2873 842 2950 repentino
857 2893 949 2953 prope
965 2877 1082 2938 interitu
1106 2874 1252 2936 occidunt.

259 3018 280 3047 „
303 2973 396 3046 Nam,
418 2971 485 3035 licet
501 2970 620 3048 frigidae
637 2971 709 3040 slot,
748 2971 877 3036 turbidae
894 2986 1008 3050 tamen,
1037 2977 1065 3036 ἃ
1091 2974 1181 3034 dirum
1204 2991 1255 3036 ex·

164 3079 169 3084 “
258 3116 280 3147 ,,
302 3069 429 3134 halantes
448 3070 585 3142 odorem;
610 3071 657 3147 qui
676 3089 712 3132 ex
728 3069 869 3148 sulphuris
897 3071 1097 3151 bituminisque
1117 3071 1254 3146 materia,

259 3215 280 3244 ‚,
303 3189 358 3246 qua
380 3168 466 3246 stagni
486 3170 592 3232 fundus
612 3168 715 3246 plenus
731 3171 789 3244 est,
822 3184 853 3236 ut
869 3169 965 3238 bullae
987 3189 1023 3232 ex
1039 3190 1074 3233 eo
1101 3170 1255 3250 aliquando

257 3313 279 3344 „
301 3267 409 3332 efflatas
427 3268 574 3343 indicant,
606 3281 763 3346 generatur.
806 3268 883 3332 Hinc
904 3270 977 3331 adeo
1001 3268 1174 3347 perniciosae
1190 3267 1258 3332 sunt

257 3415 277 3446 ,‚
301 3372 362 3444 ejus
383 3387 491 3444 aquae,
515 3381 546 3428 ut
563 3386 623 3432 non
646 3365 737 3432 solum
758 3369 885 3445 potantia
909 3367 1015 3444 bruta,
1049 3367 1098 3429 sed
1119 3365 1256 3446 supervo-

256 3513 278 3545 „
300 3467 391 3532 lantes
411 3465 579 3544 plerumque
599 3484 666 3526 ares
679 3467 709 3526 in
723 3466 882 3544 periculum
898 3481 990 3545 agant.
1028 3467 1103 3528 Nam
1122 3485 1157 3526 ex
1169 3484 1255 3542 uqua-

255 3611 276 3643 „
298 3585 363 3630 rum
383 3563 581 3640 hujuscemodi
598 3565 750 3642 vaporibus
766 3569 812 3630 ae'r
828 3565 970 3640 inlicitur,
985 3567 1012 3630 a
1026 3610 1036 3641 ,
1052 3585 1110 3642 quo
1130 3564 1256 3628 deterior

255 3711 277 3745 „
299 3665 339 3727 est
359 3665 494 3740 materia,
519 3683 554 3726 eo
576 3664 736 3731 concretior
760 3664 910 3729 redditura
935 3683 993 3743 quo
1016 3662 1168 3745 inspirato,
1188 3682 1256 3740 per·

255 3811 276 3840 ‚‚
298 3766 366 3828 inde
388 3779 419 3826 ut
439 3762 547 3842 gustato
565 3780 697 3830 veneno.
721 3780 787 3827 aves
804 3777 933 3843 pereunt.
967 3765 1065 3826 rletate
1089 3780 1174 3836 mea,
1188 3781 1256 3828 cum

255 3907 276 3939 ,‚
299 3862 451 3940 aliquando
467 3860 560 3924 Sicilia
578 3859 701 3924 siccitate
724 3859 882 3936 laboraret,
909 3862 1037 3940 stagnum
1061 3862 1119 3923 hoc
1141 3858 1256 3940 prorsus

255 4001 276 4035 ‚,
299 3961 427 4028 exaruit,
452 3978 469 4018 e
489 3960 570 4034 cujus
585 3973 648 4020 tum
671 3960 843 4034 crateribus,
862 3962 956 4026 ventis
974 3960 1065 4025 solum
1082 3960 1254 4036 furentibus,
