2836 4718
277 363 355 448 3²4
498 343 684 406 moria
752 335 1060 402 urniorum

281 511 447 578 &Florum
466 503 522 566 effe
543 501 682 582 perhibet.
718 497 824 560 Verunr
845 496 928 558 situm
954 515 991 557 ex
1016 495 1109 574 poetis
1148 494 1274 556 maxime

278 612 423 683 ostendit,
442 609 471 668 in
495 603 597 682 quibus
619 600 753 662 Sidonius
778 595 904 674 Apollin.
926 595 957 656 in
982 612 1116 672 panegyr.
1140 613 1171 660 v.
1201 613 1275 670 949.

402 709 442 767 Et
463 700 494 781 se
519 701 654 788 Luerinq
678 717 732 777 qua
752 695 838 777 vergit
859 695 969 754 Gaurus
992 693 1020 751 in
1039 692 1129 750 undas

275 818 308 878 a
331 811 460 874 Lucanus
486 803 518 865 L.
542 801 579 862 ll.
601 819 629 859 v.
656 805 726 871 ⁶⁶7·

498 933 511 946 ·
593 896 638 957 uel
656 889 818 976 ficonuulfir
840 890 937 950 uertice
958 890 1068 949 Gaunts
1189 919 1193 925 ·

402 999 526 1062 Decidat
545 996 573 1055 in
588 989 705 1075 fundunt
721 991 828 1072 penitus
855 988 1008 1070 stagnantis
1024 985 1137 1076 Averni.

279 1107 349 1168 item
373 1101 478 1162 Plinius
512 1096 543 1157 L.
565 1093 646 1155 XIV.
667 1111 692 1152 c.
713 1097 742 1154 6.
768 1105 871 1148 certant
890 1084 1012 1163 Maffica
1029 1107 1111 1166 aeque
1133 1107 1167 1144 ex
1189 1104 1274 1146 monte

284 1207 431 1268 Gaurano,
455 1192 584 1256 Puteolos
607 1181 743 1268 Baiasque
765 1179 970 1268 prospectantia.
994 1183 1051 1259 JuL
1075 1183 1153 1248 Caes.
1169 1185 1274 1262 Capac

280 1303 357 1364 cium
381 1298 412 1358 in
435 1292 566 1368 antiquit.
595 1287 754 1371 Puteolanis
780 1285 800 1344 fr
821 1284 987 1357 audiamus,
1004 1303 1029 1344 c.
1050 1303 1097 1346 22.
1117 1297 1175 1346 tres
1191 1303 1275 1344 morr-

281 1415 324 1461 tes
344 1400 373 1457 in
392 1390 563 1469 Campaniae
583 1385 687 1448 finibus
708 1385 794 1446 Gauri
810 1383 929 1462 nomine
953 1379 1147 1460 appellantur,
1164 1385 1274 1460 primus

281 1513 373 1576 prope
387 1489 586 1556 Massicum&
612 1486 794 1558 Ninturnas3
827 1482 906 1544 hunc
936 1502 952 1542 a
981 1481 1119 1542 Cicerone
1145 1482 1181 1541 de
1208 1481 1274 1557 lege

280 1594 385 1672 agraria
408 1588 526 1665 intelligi
547 1585 645 1646 tradit:
683 1582 804 1642 alterum
827 1583 902 1642 circa
924 1581 1077 1642 Nuceriam
1100 1583 1128 1642 dr
1153 1580 1276 1641 Surren-

281 1709 367 1767 tum,
391 1691 508 1765 dequo
536 1684 619 1746 Silius
646 1680 768 1743 L.·Vlll.
792 1700 819 1741 v.
843 1699 911 1756 533.

404 1786 467 1847 illie
487 1783 608 1843 Nuceria
629 1781 656 1840 6·
676 1781 787 1840 Gaurus
807 1778 953 1847 navalibus
973 1797 1063 1862 aptus.

279 1890 379 1954 tertius
401 1887 511 1947 vicinus
525 1885 637 1944 Averno
658 1882 685 1941 dt
703 1862 833 1941 Lucrino.
868 1877 973 1942 Verum
1007 1877 1143 1941 Cellarius
1164 1879 1202 1941 N.
1229 1878 1269 1944 O.

249 2033 254 2046 .
279 1993 316 2053 A.
341 1986 373 2048 L.
401 1984 438 2050 ll.
472 2002 533 2059 cap.
563 2001 592 2055 9.
620 1977 685 2052 sedi.
713 2000 743 2049 4.
777 1977 940 2056 disjungere
976 1998 1036 2038 non
1066 1978 1138 2043 vult.
1174 1979 1274 2040 Credit

278 2133 300 2168 ‚,
322 2090 390 2162 jugo
409 2098 521 2144 montes
540 2079 624 2157 longe
642 2078 800 2138 continuari
829 2079 856 2137 da
879 2077 916 2138 src
934 2076 1057 2137 maxime
1079 2078 1154 2138 circa
1182 2078 1272 2138 liver-

276 2227 300 2256 „
322 2203 392 2244 num
411 2185 437 2241 fa
459 2176 589 2240 Puteolos
606 2177 733 2238 Gaurum
751 2173 830 2244 dici,
852 2175 995 2237 vitiferum
1011 2177 1041 2235 in
1062 2176 1143 2252 imis,
1172 2189 1203 2237 ut
1225 2175 1273 2236 vel

276 2326 301 2356 ,‚
323 2280 384 2340 aliis
405 2277 491 2350 locis,
503 2280 548 2335 vel
564 2274 660 2334 saltem
683 2276 712 2333 in
729 2273 888 2335 summitate
901 2319 910 2349 ,
921 2273 1040 2352 pinifer,
1057 2290 1142 2354 aptus
1164 2275 1274 2336 navali-

278 2425 301 2458 „
323 2377 376 2440 bus
395 2377 487 2439 fuerit.
506 2417 527 2447 ‚,
571 2371 604 2434 ln
628 2373 776 2436 refutanda
801 2373 914 2452 Capacii
932 2371 1070 2434 sententia
1098 2373 1201 2434 multus
1228 2374 1272 2450 esi

278 2477 414 2542 Camillus
440 2474 604 2552 Peregrinus
620 2473 651 2532 in
669 2473 824 2550 Campania
846 2469 930 2534 felice
951 2470 1017 2533 Dilf.
1036 2471 1072 2534 ll.
1098 2491 1123 2532 c.
1145 2491 1191 2548 17.
1220 2470 1271 2532 ubi

276 2578 415 2648 ostendit,
429 2594 489 2635 non
507 2573 592 2633 alium
610 2571 690 2633 fuiss'e
706 2573 831 2633 Gaurum
845 2587 993 2645 montem,
1014 2591 1098 2648 quam
1111 2573 1159 2649 qui
1172 2571 1273 2640 hodie,

275 2678 391 2740 forsitan
408 2695 424 2736 a
444 2657 647 2736 Saracenorum
672 2672 807 2746 nomine,
846 2687 931 2730 monte
960 2672 1080 2731 Barbara
1111 2669 1271 2743 salutetur,

278 2781 360 2853 cujus
382 2775 464 2836 situm
480 2791 594 2852 quoque
609 2769 667 2848 ipse
683 2772 713 2830 in
731 2768 825 2830 tabula
839 2768 1040 2848 topographica
1061 2787 1152 2846 prope
1168 2767 1272 2829 Puteo·

278 2876 323 2937 los
349 2874 463 2935 indicat.
503 2871 612 2947 Pugnat
641 2867 965 2945 frmulffactitercontra
984 2887 1050 2941 eos,
1072 2869 1121 2944 qui
1143 2868 1272 2929 Gaurum

277 2972 482 3034 transtulerunt
507 2972 538 3028 in
565 2967 726 3032 Nalfrcum.
764 2968 807 3028 De
828 2967 972 3028 fertilitate
993 2967 1078 3029 Gauri
1104 2963 1274 3028 dubitarunt

274 3068 406 3131 nonnulli
429 3085 535 3141 exeo,
559 3067 637 3143 quod
661 3064 791 3139 Juvenali
807 3067 863 3127 Sat.
888 3066 941 3128 lX.
960 3087 987 3129 v.
1005 3084 1049 3142 57.
1075 3063 1186 3123 Gaurus
1212 3065 1274 3122 ina.

274 3167 318 3227 nis
331 3164 498 3243 appellatur.
535 3165 622 3241 Quod
645 3165 760 3240 quidem
779 3166 817 3226 ita
836 3165 1012 3244 interpretati
1035 3162 1117 3237 sunt,
1139 3177 1172 3226 ut
1189 3166 1273 3226 omni

274 3263 375 3328 arbore
392 3262 541 3341 spoliatum
559 3264 698 3338 dicerent.
723 3263 861 3338 Obstant,
872 3284 944 3342 quae
960 3263 1043 3342 supra
1064 3267 1099 3324 eri
1115 3263 1205 3324 Statio
1222 3265 1275 3324 ad-

274 3363 418 3426 duximus.
449 3361 583 3432 Obstant,
612 3380 684 3439 quae
706 3361 811 3424 Plinius
829 3361 924 3426 scribit
939 3363 971 3426 L.
995 3361 1047 3425 lll.
1071 3382 1096 3444 c.
1125 3383 1152 3435 ς.
1194 3362 1274 3422 Hine

264 3458 340 3541 felix
362 3459 413 3518 illa
430 3459 575 3540 Campania
597 3460 638 3541 esi.
671 3453 717 3518 Ab
737 3461 786 3518 froc
801 3463 863 3542 stnu
892 3463 1023 3543 incipiunt
1051 3457 1152 3541 uitiferi
1185 3459 1274 3520 colles

272 3558 473 3621 &temulentia
494 3557 591 3616 nobilis
605 3559 708 3628 succo,
726 3579 777 3640 per
793 3561 891 3620 omneis
920 3576 1006 3617 terras
1028 3557 1131 3639 inclyto
1159 3557 1186 3616 δ’
1196 3552 1274 3632 surn-

272 3681 342 3718 naurrt
363 3656 556 3716 LiberiPatris
572 3676 632 3712 curn
655 3658 742 3715 Cerere
767 3676 907 3722 certarnen.
937 3657 1013 3715 Hinc
1036 3656 1122 3716 Setini
1150 3656 1177 3715 a
1202 3655 1272 3715 Cae·

270 3758 331 3815 erebi
360 3757 535 3815 obtenduntur
554 3754 622 3836 agri.
653 3757 710 3812 His
732 3751 884 3837 junguntur
909 3753 1041 3829 Falerni,
1070 3752 1181 3822 Caleni,
1211 3755 1271 3812 deiru

272 3852 430 3938 conlrtrgunt
457 3850 589 3929 Maffiti,
627 3851 751 3910 Gaurani
777 3854 974 3936 Surrentinique
990 3868 1097 3911 montes.
1148 3851 1185 3912 Et
1208 3850 1271 3911 Flo·

189 4013 191 4020 ,
270 3970 318 4017 tus
342 3955 374 4016 L.
400 3953 423 4018 l.
447 3971 470 4014 c.
496 3959 541 4013 1⁶.
567 3950 636 4012 Heia
653 3951 741 4034 amitii
761 3952 999 4020 virtuosarum,
1023 3952 1153 4024 Gaurus,
1176 3945 1270 4020 frier«,
