2830 4716
482 356 553 426 AD
624 359 834 424 FONTES
961 353 964 358 ’
1061 360 1140 459 23⁴5

142 515 291 580 Pausanias
309 516 340 577 in
352 513 501 578 Laconicis
519 536 548 595 p.
571 533 639 594 203.
666 520 857 584 narrationem
888 520 976 586 habet
1003 521 1040 586 de
1062 475 1146 591 iones
1271 505 1277 550 ³

140 615 310 690 Pellanide‚
333 613 418 678 ubist
440 615 528 678 verba
548 617 568 670 ἓν
586 614 657 691 ἑτέρᾳ
681 615 753 694 anal
773 620 891 696 Arrabo
911 637 1025 687 mecum
1048 644 1145 687 emen.

142 714 280 777 deveris:
301 712 436 790 Amisa,
463 733 531 775 ecce
547 711 614 774 Tibi
630 725 692 778 turn
712 715 846 796 Langiam
866 717 978 781 fontem
986 723 1146 801 Argivum!

145 824 349 874 senuerunt.

184 911 342 985 Nemeaea)
366 911 414 978 ed.
446 908 520 972 Flor.
556 912 609 988 (aa
628 899 803 989 Briccacius)
828 915 940 980 Nemea.
985 915 1148 996 Utrumque

143 1009 269 1088 probum
294 1008 342 1072 est.
367 1009 530 1088 Stephanus
548 1009 722 1088 Byzantinus
745 1013 775 1072 in
794 1012 892 1089 Νιμέᾳ,
923 1017 956 1072 τὸ
981 1013 1073 1072 isarni,
1098 1003 1147 1076 ul.

141 1119 218 1180 pso
239 1115 263 1180 sp
282 1109 430 1181 respacis.
452 1108 502 1193 ubi
520 1107 665 1172 Berkelius
693 1109 732 1177 est
756 1111 907 1176 videndus.
935 1098 1045 1195 integer
1069 1117 1148 1182 enlm

143 1215 222 1270 tatus
245 1225 305 1267 non
329 1207 443 1273 videtur
467 1206 558 1270 locus.

121 1365 125 1384 ,
187 1307 312 1382 maus)
335 1305 483 1372 Contraria
507 1307 546 1370 est
576 1305 789 1370 Pindaricorum
813 1306 917 1381 Neptis
944 1304 1064 1372 salsas
1087 1329 1147 1377 non

120 1390 133 1496 '-
146 1419 221 1476 una‚
243 1409 267 1477 29
293 1400 332 1466 les
357 1402 470 1481 aptavlt.
484 1405 521 1468 Et
544 1405 648 1468 Statius
664 1404 757 1468 Theb.
783 1405 815 1468 L.
833 1403 883 1468 IV.
901 1425 929 1468 u.
951 1423 1021 1483 72¹·

274 1557 289 1571 ·
350 1565 368 1589 ..
424 1566 438 1583 .
499 1527 602 1588 Manet
627 1529 719 1616 ingeras
739 1526 829 1612 gloria
845 1529 1023 1612 Nymphon,

274 1627 364 1711 Quum
384 1627 479 1715 tristem
499 1625 668 1709 Hypfipylen
686 1627 800 1687 ducibus
819 1621 939 1704 sudatus
958 1629 1078 1689 Achaeis

270 1725 388 1795 ludus,
413 1725 440 1790 ἐν
468 1741 532 1785 atra
550 1721 659 1812 sincrum
680 1723 774 1786 recolit
796 1725 912 1788 trieteris
925 1725 1065 1808 Ophelten.

131 1804 344 1920 'Munckerunr
362 1850 448 1916 etiarn
468 1849 569 1912 videfis
592 1849 628 1913 ad
644 1847 752 1932 Hygini
774 1847 832 1914 fab.
857 1866 906 1932 74.
924 1864 1065 1920 ΗΕεεΕΙ..

557 2011 718 2098 Mensis

185 2209 231 2274 De
248 2207 360 2276 castello
377 2209 501 2277 Menaeo
521 2210 646 2275 &fonte
669 2210 732 2274 satis
761 2212 913 2290 auctorum
941 2209 1060 2276 laudant
1085 2207 1151 2274 bol.

146 2308 227 2374 landi
248 2311 283 2372 ad
304 2313 365 2376 atta
381 2311 428 2372 SS.
454 2333 481 2386 5.
494 2309 575 2374 Febr.
597 2310 633 2373 ad
651 2311 700 2374 vit.
721 2311 750 2376 S.
765 2309 892 2389 Agathae
904 2313 933 2372 u
948 2311 977 2374 d.
998 2322 1045 2382 18.
1063 2309 1150 2378 Febr.

148 2409 187 2512 ‘¹2'
208 2408 377 2491 martyribus
399 2409 556 2473 Leontinis.
581 2428 609 2486 p.
639 2417 685 2484 5⁶·
731 2421 941 2476 scfluutnstt.
1063 2407 1066 2412 ’

190 2509 268 2573 Inter
283 2509 389 2593 oppida
406 2508 516 2571 Siciliae
541 2525 736 2572 memorantur
752 2505 915 2569 Ptolemaeo
938 2502 1034 2580 Metal,
1051 2504 1083 2566 L.
1096 2503 1151 2570 ΙΙΙ.

149 2627 175 2674 c.
195 2629 223 2683 4.
248 2609 331 2688 Apud
353 2608 530 2686 Stephanum
550 2604 696 2686 legebatur
711 2603 851 2666 Musici&
874 2601 982 2683 gentile
996 2601 1151 2666 oteheim„

149 2704 200 2768 sed
214 2705 337 2772 Cluverii
356 2708 482 2784 itemque
502 2705 636 2768 Bocharti
660 2703 774 2766 arbitrio
794 2700 941 2767 berkelius
970 2698 1009 2761 ibi
1028 2697 1154 2774 reposuit

148 2805 274 2869 naas
298 2804 441 2881 mmm
464 2804 566 2866 satisne
593 2805 688 2877 rese,
709 2795 821 2864 nunnae
848 2781 1039 2862 sustentus·
1084 2794 1152 2859 m..

149 2906 242 2970 nemos
253 2905 361 2967 incolas
379 2915 464 2966 vocat
484 2903 585 2966 Cicero
602 2903 632 2962 in
645 2901 724 2962 Verr.
740 2903 801 2966 tet.
823 2898 874 2961 ΙΙΙ.
888 2919 914 2963 c.
934 2915 984 2975 43.
1005 2893 1154 2956 Dicendos

152 3005 256 3067 tetrius
280 3003 450 3078 Menaenos,
489 3001 612 3080 disputat
633 3019 670 3064 ex
692 2997 818 3062 nummis
853 2997 882 3059 P.
912 2995 1092 3060 Burmannus
1115 2989 1154 3056 ad
1271 3062 1273 3070 .

150 3101 303 3169 DlOrvillii
322 3103 358 3166 T.
374 3103 412 3164 X.
437 3121 467 3180 p.
479 3119 557 3180 377.
577 3101 623 3164 cui
646 3097 830 3176 adstipulatur
851 3093 896 3160 Ill.
914 3091 1049 3160 Castellus
1064 3089 1094 3156 P.
1114 3089 1152 3152 T.

150 3203 197 3267 M.
223 3203 253 3264 in
270 3217 347 3264 terza
360 3221 421 3281 agg.
439 3199 492 3263 alla
510 3199 604 3263 Sicilia
616 3197 831 3262 Numismatica.
851 3191 989 3275 Opuscoli
1013 3191 1043 3252 di
1058 3187 1154 3251 autori

151 3301 229 3368 Sicil.
254 3302 290 3366 T.
312 3301 395 3367 Xlll.
424 3299 621 3365 Restituendas
649 3315 763 3376 quoque
786 3295 866 3354 ntitas
893 3291 1034 3373 oppidum
1055 3285 1155 3354 censet

153 3399 304 3464 Cluverius
326 3401 454 3462 Diodoro
471 3398 567 3462 Siculo
581 3397 611 3465 L.
627 3397 681 3463 Xl.
704 3415 767 3474 sap.
787 3405 835 3470 87.
858 3390 907 3454 ubi
923 3391 1015 3452 fuerat
1037 3389 1081 3462 μὲν
1103 3386 1156 3448 vles

154 3503 181 3562 Sl
203 3497 404 3575 subjiciebatur
428 3495 442 3562 h
467 3523 504 3560 τις
530 3489 555 3559 he
580 3481 657 3572 dvlci
674 3490 785 3562 troade,
811 3491 917 3558 scilicet
939 3485 1080 3559 Duratio,
1104 3483 1156 3561 qul
1248 3533 1250 3538 -

152 3618 217 3660 earn
241 3599 343 3661 urbem
358 3600 388 3658 in
408 3611 539 3676 apertum
566 3613 700 3673 eampum
716 3588 880 3654 transtuliffe
902 3591 928 3650 &
952 3602 1042 3666 prope
1055 3582 1155 3647 fanum

152 3699 314 3762 Palicorum
333 3696 497 3760 exstruxille
517 3692 693 3774 praeclaram
709 3690 809 3753 urbem
826 3688 910 3750 aliam
930 3686 1019 3750 fertur
1035 3678 1155 3754 ibidem,
1256 3760 1258 3763 .

153 3817 241 3876 quarn
262 3797 298 3859 ab
320 3796 366 3858 his
397 3795 458 3858 Diis
485 3794 608 3861 Palicam
642 3791 755 3854 dixerit.
785 3788 878 3868 ’assic
902 3779 1017 3843 nanim
1042 3797 1157 3860 quoque

152 3893 236 3960 Meris
256 3894 333 3958 locat
356 3894 526 3973 Stephanus.
558 3891 708 3972 Oppidum
729 3889 759 3950 id
773 3885 929 3950 Menarum
946 3879 1034 3942 hodie
1057 3875 1158 3944 Mento

154 3995 301 4060 salutatur.
332 3995 467 4075 Secundo
498 3992 593 4072 lapide
620 3990 655 4052 ab
687 3987 796 4067 oppido
822 3983 918 4048 thenis
948 3976 1072 4044 occurrit
1091 3969 1157 4059 flans
