2830 4716
754 193 794 256 *t*

451 355 522 420 nn
582 354 793 424 notanus
893 363 896 370 ‘
1050 356 1123 455 2'23

254 499 395 582 Mimantis
416 516 564 594 Varenus,
587 530 651 580 arat
677 523 723 580 cui
751 503 846 582 diuitis
869 518 935 584 'uber

240 615 350 697 ”campi
367 616 520 700 ingrata,
551 619 578 679 c
598 614 705 700 patna
733 619 882 680 oramus
901 623 929 681 a
947 619 1024 684 ..ma
1090 608 1095 616 ’

258 714 409 775 Candenres
429 716 520 799 gelido
540 713 679 800 pefimdir
699 717 812 796 flumine
835 739 937 781 tauros.

128 821 228 904 Itaque
245 825 350 888 Statius
374 827 409 890 L.
428 827 451 894 l.
472 825 532 888 salv.
560 827 613 918 lv.
633 829 704 895 vers.
731 841 798 902 128.

492 943 540 986 nec
555 929 585 1007 [ἰ
610 946 709 987 vacuet
731 929 868 990 Mevania
898 927 1004 1007 ualles,

254 1023 316 1083 Aut
332 1026 464 1112 praalent
486 1027 578 1085 niveos
603 1025 739 1086 Clitumna
760 1025 871 1087 novalia
893 1045 1004 1104 tauros,

256 1121 404 1206 Sufficiam.

130 1219 159 1281 ἃ
183 1219 296 1284 Servius
317 1223 354 1284 ad
378 1223 452 1304 Vitg.
478 1221 582 1302 Georg.
610 1223 640 1286 L.
658 1224 692 1286 ll.
714 1224 783 1285 vers.
804 1231 871 1297 146.
904 1225 1055 1287 Clitumnus
1077 1245 1129 1290 an*

131 1332 184 1374 tem
205 1322 312 1395 fluvius
335 1323 369 1402 est
400 1324 430 1382 in
451 1323 604 1397 Meuania,
641 1343 708 1404 quae
732 1339 802 1406 pars
832 1321 1014 1406 estslmbriae
1037 1332 1131 1410 partit

136 1410 259 1489 Tusciae.
282 1438 337 1480 nec
360 1440 420 1481 non
440 1419 646 1500 Philargytiusr
672 1421 823 1482 Clitumnus
844 1423 977 1506 arunisest
992 1426 1131 1488 Umbriam

130 1535 151 1572 a
171 1511 268 1591 Tuscia
294 1519 425 1582 dividens.
461 1519 606 1602 Significat
623 1539 713 1580 autem
738 1522 820 1582 huces
838 1518 1046 1597 Menanienses,
1084 1527 1131 1605 qui

123 1606 193 1684 sunt
217 1614 282 1678 albi.
328 1607 461 1680 Ceterum
485 1619 579 1682 nullus
596 1621 635 1680 est
652 1617 778 1694 fiuvluS,
799 1618 846 1682 cui
868 1619 932 1682 suus
953 1641 1011 1682 nun
1027 1624 1130 1686 adscri-

133 1711 215 1774 batur
233 1714 307 1776 fons.
353 1719 450 1794 Quare
471 1721 596 1792 teeiius,
632 1738 679 1778 me
698 1719 813 1794 judice,
847 1718 1026 1780 Clitumnum
1053 1723 1131 1782 haud

129 1810 339 1876 adnumerasset
354 1811 428 1877 inter
447 1817 542 1878 fontes
563 1818 719 1896 sequester.
763 1817 866 1880 Nescio
882 1813 1024 1896 deniquo,
1043 1821 1130 1882 ansut
1212 1822 1216 1832 '

130 1917 208 1971 recte
227 1904 304 1990 apud
327 1913 448 1978 Plinium
475 1934 533 1980 nat.
555 1917 617 1978 hist.
639 1918 669 1979 L.
694 1916 730 1978 ΙΙ.
756 1936 818 1994 cap.
838 1937 904 1993 ¹03·
934 1915 1061 1994 legatum
1097 1918 1131 1979 Iu

130 2007 241 2086 Falisco
260 2012 387 2074 Clitumni
404 2017 492 2075 amnis
517 2035 589 2096 aqua
603 2033 672 2097 pota
692 2017 823 2074 candidos
839 2016 920 2074 boues
928 2011 1005 2094 fitcit
1030 2035 1081 2093 pro
1100 2017 1132 2078 ἱι

131 2103 241 2184 Falisco
267 2115 353 2172 omnis
374 2135 473 2196 aqua:
504 2118 633 2193 quamvis
659 2115 865 2190 adstipulantur
888 2116 972 2178 MSS.
995 2116 1131 2190 codices,

128 2215 225 2288 neque
247 2209 401 2275 lectionem
426 2214 504 2276 istam
527 2215 672 2293 improbet
698 2216 735 2275 de
756 2215 781 2275 la
802 2215 893 2276 Cerdo
917 2215 954 2276 ad
978 2213 1053 2295 Vitg.
1072 2215 1129 2279 lou.
1242 2271 1247 2286 ,

130 2313 199 2373 dict.
226 2315 459 2394 quandoquidem
481 2315 519 2375 est
540 2315 707 2377 incredibile
729 2313 867 2376 Faliscum
886 2331 1003 2392 agrum,
1026 2318 1132 2377 &tam

131 2409 188 2471 late
209 2412 343 2488 patuisse,
373 2417 400 2476 ἃ
418 2415 454 2475 ad
475 2413 654 2477 Clitumnum
678 2413 850 2492 pertinuisse.
885 2415 941 2475 Sed
954 2417 1133 2476 animadver-

132 2531 184 2588 to,
202 2515 305 2590 Joann.
324 2513 504 2575 Hatduinum
524 2513 546 2590 i.
568 2525 616 2588 89.
632 2528 693 2573 not:
716 2515 743 2573 δι
763 2511 880 2577 emend.
900 2513 937 2572 ad
959 2511 1028 2573 Plio.
1051 2531 1130 2573 mem

129 2631 227 2693 partes
256 2615 314 2688 jam
336 2611 571 2689 praeoccupasse,
594 2617 621 2673 ἁ
647 2611 739 2673 multo
757 2629 824 2672 unte
842 2629 910 2672 eum
939 2611 1047 2688 Sigism.
1076 2612 1133 2674 Ge-

133 2713 251 2773 lenium.
297 2711 439 2772 Postremo
467 2710 548 2774 Max.
578 2709 682 2772 lllilson
709 2731 778 2776 nov.
812 2710 905 2772 itiner.
933 2709 995 2774 Ital.
1024 2709 1134 2775 Gallice

132 2811 237 2890 scripto
262 2811 340 2890 epist.
362 2809 447 2873 XXI.
467 2829 530 2889 pag.
551 2829 619 2890 330.
640 2825 711 2873 tom.
727 2808 753 2874 Ι.ι
771 2808 878 2886 scripsit
897 2808 979 2886 super
990 2807 1131 2868 hodierno

132 2914 204 2976 statu
234 2911 382 2973 Clitumni.
711 2906 713 2911 ’

176 3013 345 3089 Meuaniae)
384 3009 447 3072 MS.
473 3007 545 3070 Rev.
573 3007 728 3089 Meuaniae.
776 3007 935 3065 Meuenares
966 3002 1047 3081 apud
1068 3000 1130 3089 lac.
1168 3030 1170 3034 ·

133 3114 276 3192 Sponium
303 3107 418 3176 miscell.
437 3106 517 3173 erud.
537 3108 625 3184 antiq.
652 3104 719 3168 sest.
738 3105 773 3164 V.
800 3123 862 3184 pag.
889 3113 954 3183 183.
979 3104 1035 3179 [103
1070 3105 1134 3175 My.

132 3227 247 3276 namtas
268 3210 346 3288 apud
368 3206 490 3270 Plinium
513 3205 649 3268 nichili.
673 3205 704 3268 L.
727 3204 777 3266 lll.
802 3223 864 3282 cap.
895 3226 951 3279 14,
984 3221 1033 3266 aut
1056 3206 1134 3283 apud

133 3313 235 3377 Silium
255 3311 310 3372 loc.
324 3308 407 3388 supra
428 3304 572 3383 designato
585 3305 741 3378 Meuanas,
759 3301 837 3365 secus
857 3304 912 3365 est:
942 3303 1020 3384 quod
1051 3306 1131 3361 irisan

134 3411 215 3474 alteri
233 3428 388 3490 praepono.
414 3419 553 3471 Hnssnu.

135 3525 139 3532 ·
175 3508 317 3576 nnuma
341 3505 474 3570 Straboni
497 3504 528 3567 L.
549 3503 583 3566 V.
613 3517 643 3580 p.
668 3519 738 3570 222.
772 3501 924 3566 cnono'v.

552 3669 718 3753 Clanius

177 3895 207 3943 v.
233 3873 366 3953 Virgilius
385 3869 489 3946 Geotg.
513 3867 544 3930 L.
558 3867 596 3931 11.
619 3889 646 3931 v.
667 3884 736 3941 αις.

261 3973 289 4034 s·
314 3969 411 4032 uacua‘u
440 3965 550 4045 Clanius
565 3988 617 4034 non
637 3986 738 4050 aequus
758 3962 899 4034 Aornin·
1027 4045 1032 4054 ι
