2798 4710
520 292 570 414 Φ
625 316 654 375 0
709 293 758 411 ᾦ
1045 295 1133 386 x'1x

133 511 314 589 acceptum
346 465 479 576 referu,
518 493 619 587 cujus
660 489 901 567 munificentia
932 489 1133 590 Inscriptio-

133 634 225 682 num
257 627 400 700 qunque
432 606 565 678 Siciliae
615 610 769 700 itemque
813 609 976 680 Panormi
1010 593 1135 683 eufimia

137 748 259 818 opera,
297 746 375 792 meo
408 722 516 813 penui
546 718 641 792 haud
687 725 735 793 ita
761 721 895 813 pridem
923 723 1022 795 illata
1059 726 1135 818 glo*

139 843 220 910 rior.
269 833 457 910 Addiderat
481 851 559 905 tum
593 832 840 928 opusculorum
865 861 1007 928 quoque
1039 838 1136 909 Sicu·

140 955 253 1024 lorum
283 948 498 1030 academiae,
532 973 620 1041 quae
647 960 665 1020 a
689 949 783 1021 bono
797 947 915 1044 sapore
934 973 1063 1020 nomen
1077 948 1137 1020 ha-

138 1063 663 1164 bet‚1voluminaReverendus
684 1067 765 1149 vir,
791 1087 894 1156 quem
915 1064 1035 1136 itidem
1051 1065 1137 1144 ami·
1178 1147 1186 1172 Ι

139 1185 241 1253 ciriae
274 1174 381 1249 caussa
416 1180 589 1270 nomino,
653 1199 854 1252 snnvnron
892 1197 934 1251 n1
968 1197 995 1247 s.
1030 1175 1138 1249 arist
1241 1247 1244 1254 ,

138 1298 303 1368 Decanus
337 1291 582 1364 Benedidtinus
614 1289 837 1373 Caffinenfis,
863 1291 921 1361 cui
945 1291 1037 1360 inter
1054 1289 1140 1362 Aca-

141 1409 294 1484 demicos
316 1407 580 1479 Panormitanos
610 1411 741 1478 Corindi
771 1407 879 1478 Attici
902 1425 1031 1474 nomen
1055 1399 1114 1472 est.

191 1619 412 1694 Adminicula
439 1618 578 1690 aliunde
601 1615 857 1694 subministrata
875 1617 946 1694 suis
979 1637 1137 1712 quaeque

147 1735 233 1806 locis
265 1751 383 1826 gratus
413 1731 661 1825 depraedicavi.

211 1917 246 1987 Si
278 1938 364 2006 quae
402 1913 443 1986 de
481 1929 615 1988 caetero
647 1911 735 2006 sint,
757 1917 796 1987 in
832 1917 960 2010 quibus
992 1914 1155 1988 humani.

148 2027 233 2122 quid
258 2025 367 2121 paffus
399 2023 472 2100 tibi
490 2025 585 2100 visus
621 2025 747 2111 fuero,
787 2033 826 2102 in
856 2035 901 2104 iis
942 2027 1142 2107 reuiorasr

146 2145 334 2226 docueris,
380 2139 478 2214 facile
503 2166 558 2215 me
587 2141 652 2214 tibi
683 2139 931 2220 adsentientem
974 2143 1140 2226 habebis,

147 2257 290 2330 candide
312 2259 444 2328 Ledlor.

187 2440 272 2511 Duo
300 2435 382 2510 sunt
410 2437 569 2526 tandem,
615 2464 727 2531 quae,
756 2439 958 2537 priusquam
980 2439 1064 2516 hinc
1090 2441 1142 2512 di·
1236 2521 1238 2526 ,

150 2547 301 2634 scedam,
323 2556 497 2626 monitum
519 2569 553 2624 te
576 2557 692 2660 velim.
729 2613 736 2632 .

197 2734 353 2807 Primum
378 2732 518 2828 respicit
536 2732 752 2820 asteriscum,
783 2741 950 2831 quemiis
969 2739 1144 2828 adpinum

146 2849 304 2920 articulis
335 2852 523 2932 invenies,
567 2852 630 2940 qui
669 2849 769 2920 dubii
797 2869 858 2923 aut
890 2849 1037 2944 suspecti
1062 2847 1145 2922 sunt

148 2959 240 3044 rifi,
275 2963 487 3057 appingendi
514 2980 632 3036 autem
665 2982 771 3037 erant.
799 2984 974 3060 praeterea
999 2964 1098 3042 istis:

394 3171 429 3239 p.
456 3165 490 3234 3.
541 3150 676 3236 Anien,
715 3133 812 3220 Allia
888 3221 911 3260 ,κ

465 3277 496 3350 5.
543 3263 721 3356 Arimaspe
793 3285 820 3310 ⁴·

458 3385 492 3446 6.
544 3379 701 3450 Aternus.
735 3376 846 3473 Apfirs

394 3519 396 3524 ’
460 3497 499 3571 8·“
550 3492 665 3583 Cusas
857 3497 862 3502 “

458 3624 493 3691 9.
545 3605 692 3675 Drinius

427 3736 484 3804 19.
539 3720 642 3790 Taras
691 3781 694 3790 .

403 3849 522 3906 contra
548 3832 800 3928 expungendus
830 3831 879 3905 est

364 3972 399 4042 P·
427 3963 486 4028 22.
513 3953 552 4024 in
580 3951 744 4024 Libctbros
