2800 4716
439 278 784 400 nocearis
1055 339 1131 430 um

147 501 227 564 carlou
255 461 310 567 bro.
342 490 436 563 Taciti
459 505 574 575 quoque
590 507 661 556 aevo
683 450 749 568 Osli
768 491 827 552 ludi
846 486 956 554 Romae
973 494 1137 572 agebantur.

133 617 176 665 ,1.
191 601 295 664 Annal.
319 596 416 664 LIV.
433 615 459 660 c.
478 614 523 669 14.
544 587 651 671 Quales
671 592 794 667 fuerint,
807 591 916 654 videbis
936 595 1012 671 apud
1026 595 1138 660 Litium

148 701 182 766 t.
206 701 268 763 Vll.
286 719 312 762 c.
333 715 361 760 2.
384 696 492 774 Lingua
511 692 591 772 ipsa,
614 709 686 770 quae
704 689 803 752 rustica
826 690 938 767 prorsus
953 692 993 752 est
1021 693 1137 769 habita,

147 817 176 863 v.
193 799 227 862 tl.
252 796 377 860 Gallium
404 793 436 856 Ι..
460 789 555 856 xvii.
579 809 604 854 c.
630 809 675 867 ¹7·
708 789 843 867 deinceps
865 791 896 850 in
922 789 1140 860 desuetudinem
1245 806 1249 812 ’

147 894 234 965 abiit,
262 897 344 970 cujus
364 891 505 971 fragmina
520 909 556 952 ex
576 889 700 952 Comicis
728 887 843 966 aliisque
870 887 997 964 corrasa,
1031 893 1139 970 ingenii

147 993 279 1056 tentandi
298 990 390 1055 eaulsa
410 990 587 1053 eruditorum
607 985 738 1050 nonnulli
762 987 798 1048 ad
825 990 1056 1054 concinnandum
1078 1011 1141 1070 per.

26 1077 51 1086 ”
147 1103 268 1170 pecuum
288 1091 449 1152 sermonem
468 1086 677 1152 transtulerunt.
718 1085 803 1148 Extat
824 1085 992 1165 Mariangeli
1019 1091 1142 1154 Accursri

148 1189 293 1268 dialogus,
312 1187 403 1252 Oious
424 1190 452 1250 ἀ
472 1184 608 1260 Volscum
630 1183 687 1259 Jul.
710 1181 787 1247 Caes.
815 1183 946 1264 Scaligerl
961 1186 1031 1249 liber
1052 1189 1141 1252 Tere·
1166 1263 1168 1266 ¹

149 1286 291 1350 climatum
313 1289 344 1348 in
365 1285 564 1366 podmatibum
587 1281 646 1358 Jac.
667 1282 754 1344 llalde
773 1284 877 1345 Drama
895 1284 1020 1366 Oscum5
1047 1287 1141 1350 anuo.
1256 1367 1260 1375 .

150 1386 218 1447 xeni
236 1387 345 1448 Gonaei
367 1383 414 1448 vel
438 1386 534 1462 potius
556 1383 638 1460 Casp.
663 1381 769 1444 Barthii
799 1398 915 1445 carmen
943 1384 1069 1463 Oscum3
1103 1389 1141 1450 de

151 1482 251 1560 qulbus
270 1504 298 1546 v.
319 1481 456 1546 lilorhofii
486 1481 651 1560 polyhistor.
677 1481 715 1550 T,
733 1481 755 1543 l.
782 1479 814 1544 L
833 1481 882 1546 lV.
910 1501 970 1560 cap.
989 1504 1018 1560 9.
1060 1487 1141 1548 Serld

148 1581 237 1660 magis
261 1599 321 1643 rem
346 1581 404 1660 egit
424 1600 515 1660 nuper
536 1581 586 1642 Vir
612 1581 642 1640 in
661 1569 812 1658 republica
845 1580 977 1644 litteraria
1002 1583 1141 1647 clariffmt

148 1682 274 1742 neminie
300 1680 326 1755 J.
357 1680 390 1742 Β.
415 1678 571 1748 Paiierius,
603 1678 696 1740 rurlue
723 1679 753 1738 in
782 1677 876 1742 lucem
903 1681 981 1741 edito
1011 1682 1168 1761 singularis

148 1776 303 1855 specimine
323 1777 437 1856 linguae
460 1777 574 1852 Oscaef‘
591 1777 669 1854 quod
688 1775 810 1854 superest
834 1779 927 1840 Nolae
952 1781 981 1841 in
1002 1801 1143 1844 marmore

149 1876 239 1939 musei
259 1879 424 1953 Seminarii,
445 1877 495 1938 fol.
520 1877 629 1939 Romae
659 1894 746 1963 1774·
777 1876 860 1954 Lapis
886 1878 958 1952 ille,
996 1881 1045 1956 qui
1069 1883 1144 1943 inter
1268 1913 1276 1925 κ

149 1975 253 2038 rudera
275 1977 377 2039 veteris
397 1961 665 2038 civitatistlbellae
682 1975 711 2035 in
729 1974 885 2053 Campania
907 1975 985 2039 haud
1006 1978 1092 2058 longe
1106 1981 1144 2042 ab

150 2074 221 2136 urbe
241 2075 317 2138 Nola
335 2077 384 2138 diu
404 2077 509 2152 jacuit,
527 2077 685 2153 protraslua
705 2073 820 2135 tandem
841 2077 868 2137 dt
887 2073 946 2150 ibi,
965 2075 1014 2138 ubi
1035 2079 1144 2141 ditium

151 2173 209 2250 eli,
226 2173 409 2252 conlocatus,
423 2175 459 2236 ad
480 2173 623 2253 regendos
642 2173 713 2234 fines
729 2174 804 2235 inter
832 2171 983 2238 Abellanos
1006 2177 1146 2241 Nolanos-

151 2292 209 2351 que
231 2274 370 2352 pertinet,
398 2273 542 2352 prodierat
560 2272 650 2336 statim
674 2291 741 2334 cura
765 2272 845 2334 Gorii
870 2273 900 2333 in
925 2273 1059 2352 symbolis
1084 2280 1145 2352 ejua
1258 2309 1259 2312 ¹

149 2373 318 2448 litterariis3
340 2373 408 2436 dein
430 2394 447 2436 a
468 2370 586 2434 Passerio
607 2370 766 2450 expositus,
789 2369 859 2432 liro
887 2391 1024 2451 perquam
1053 2373 1146 2438 Reve-

150 2476 260 2549 tendo,
283 2471 428 2550 Stephano
442 2471 582 2548 Borgiae,
605 2471 633 2531 S.
649 2469 879 2546 -Congregabioni
898 2470 935 2531 de
962 2475 1145 2550 propaganda

151 2573 210 2636 fide
238 2592 255 2636 a
284 2569 434 2644 Secretis,
467 2568 578 2630 dicatus
605 2567 662 2641 est,
697 2569 778 2642 cujus
811 2568 1006 2631 munificentia
1033 2569 1147 2637 laudata

153 2675 215 2750 ejus
239 2667 434 2748 interpretatio
454 2666 590 2746 superiori
614 2684 690 2728 anno
713 2667 744 2726 in
766 2683 861 2728 meam
888 2665 1030 2730 librariam
1055 2669 1148 2748 supel.

152 2769 279 2834 ledilem
298 2765 471 2830 convolavit
493 2766 538 2830 De
557 2763 637 2828 Oscis
654 2757 817 2843 praeterea,
836 2783 937 2828 eorum
960 2770 1088 2846 origum,
1106 2770 1148 2831 se-

153 2869 217 2946 de,
232 2868 347 2947 lingua,
370 2865 497 2930 moribus
520 2863 662 2943 praeclare
684 2861 789 2926 dilierit
817 2864 953 2930 Camillus
981 2867 1148 2948 Peregrinus

152 2968 185 3030 in
207 2968 361 3046 Campania
382 2964 466 3030 felioc
493 2962 564 3031 Diis.
581 2963 631 3026 lv.
659 2981 721 3041 cap.
745 2984 772 3042 ς.
812 2964 851 3029 0.

512 3105 514 3110 ⁵
545 3123 739 3214 Parrhasri

196 3329 240 3393 Ita
260 3327 367 3392 Graece
391 3325 523 3410 neptulam
545 3325 797 3406 quamplurimum.
831 3347 858 3392 v.
887 3325 1058 3392 scholiastes
1084 3311 1150 3416 Ptm'

158 3429 219 3494 dari
234 3427 270 3491 ad
293 3427 409 3507 olymp.
434 3427 482 3488 od.
499 3445 539 3510 9„
554 3423 623 3490 vers.
653 3445 721 3506 143.

160 3527 165 3534 ι
403 3543 445 3612 Τι’
474 3547 502 3610 ii
534 3549 663 3628 ssapjacr'p
692 3537 778 3629 epulari

402 3649 544 3722 &napaeis
578 3643 620 3704 iob
641 3641 706 3722 φιῖνη

403 3749 471 3810 zarda
498 3742 569 3822 ι’μφὶ
594 3741 736 3818 euripum
755 3745 875 3810 Auaralae.

156 3859 254 3929 Tullcrr
278 3865 299 3919 ir
338 3845 375 3934 τέ
409 3855 480 3936 illm!
515 3859 559 3920 ric
594 3857 735 3936 'Afnuiluc
767 3855 895 3940 llap'pfatrlrt
927 3882 976 3938 m
1003 3863 1088 3944 peip&-
1108 3865 1154 3929 aas(

160 3955 306 4042 'armilata
330 3955 444 4026 Servius
464 3958 502 4024 ad
516 3957 623 4042 Virgilii
648 3959 719 4048 llam
744 3957 777 4024 t.
807 3959 861 4032 xl,
885 3957 954 4029 reri.
979 3976 1025 4042 31.
