<?xml version="1.0" encoding="UTF-8"?>
<!DOCTYPE html PUBLIC "-//W3C//DTD XHTML 1.0 Transitional//EN"
    "http://www.w3.org/TR/xhtml1/DTD/xhtml1-transitional.dtd">
<html xmlns="http://www.w3.org/1999/xhtml" xml:lang="en" lang="en">
 <head>
  <title>
</title>
<meta http-equiv="Content-Type" content="text/html;charset=utf-8" />
  <meta name='ocr-system' content='tesseract 3.04.00' />
  <meta name='ocr-capabilities' content='ocr_page ocr_carea ocr_par ocr_line ocrx_word'/>
</head>
<body>
  <div class='ocr_page' id='page_1' title='image "./vibiussequester01sequgoog_0262.png"; bbox 0 0 2830 4716; ppageno 0'>
   <div class='ocr_carea' id='block_1_1' title="bbox 298 314 1076 410">
    <p class='ocr_par' dir='ltr' id='par_1_1' title="bbox 298 314 1076 410">
     <span class='ocr_line' id='line_1_1' title="bbox 298 314 1076 410; baseline -0.022 -15"><span class='ocrx_word' id='word_1_1' title='bbox 298 331 377 410; x_wconf 79' lang='lat'>224</span> <span class='ocrx_word' id='word_1_2' title='bbox 507 321 696 387; x_wconf 75' lang='lat' dir='ltr'>norun</span> <span class='ocrx_word' id='word_1_3' title='bbox 753 314 1076 384; x_wconf 71' lang='lat' dir='ltr'>venronum</span> 
     </span>
    </p>
   </div>
   <div class='ocr_carea' id='block_1_2' title="bbox 252 475 1292 1761">
    <p class='ocr_par' dir='ltr' id='par_1_2' title="bbox 252 475 1292 1761">
     <span class='ocr_line' id='line_1_2' title="bbox 291 475 1160 560; baseline -0.012 -8"><span class='ocrx_word' id='word_1_4' title='bbox 291 489 321 552; x_wconf 71' lang='grc' dir='ltr'>ἃ</span> <span class='ocrx_word' id='word_1_5' title='bbox 341 486 454 551; x_wconf 80' lang='lat' dir='ltr'>Servius</span> <span class='ocrx_word' id='word_1_6' title='bbox 474 485 511 547; x_wconf 84' lang='lat' dir='ltr'>ud</span> <span class='ocrx_word' id='word_1_7' title='bbox 530 485 562 550; x_wconf 86' lang='lat' dir='ltr'>h.</span> <span class='ocrx_word' id='word_1_8' title='bbox 583 475 615 550; x_wconf 70' lang='lat' dir='ltr'>l*</span> <span class='ocrx_word' id='word_1_9' title='bbox 631 483 699 545; x_wconf 88' lang='lat' dir='ltr'>dein</span> <span class='ocrx_word' id='word_1_10' title='bbox 718 479 802 544; x_wconf 82' lang='lat' dir='ltr'>Silius</span> <span class='ocrx_word' id='word_1_11' title='bbox 822 479 859 546; x_wconf 78' lang='lat' dir='ltr'>lt.</span> <span class='ocrx_word' id='word_1_12' title='bbox 877 479 909 542; x_wconf 87' lang='lat' dir='ltr'>L.</span> <span class='ocrx_word' id='word_1_13' title='bbox 924 477 1005 546; x_wconf 83' lang='lat' dir='ltr'>lllll.</span> <span class='ocrx_word' id='word_1_14' title='bbox 1037 500 1068 548; x_wconf 80' lang='lat' dir='ltr'>v.</span> <span class='ocrx_word' id='word_1_15' title='bbox 1093 484 1160 560; x_wconf 80' lang='lat'>53⁶·</span> 
     </span>
     <span class='ocr_line' id='line_1_3' title="bbox 371 574 1285 662; baseline -0.01 -16"><span class='ocrx_word' id='word_1_16' title='bbox 371 579 373 588; x_wconf 72' lang='grc'><strong>’</strong></span> <span class='ocrx_word' id='word_1_17' title='bbox 416 585 443 646; x_wconf 72' lang='grc' dir='ltr'>δ’</span> <span class='ocrx_word' id='word_1_18' title='bbox 469 583 564 644; x_wconf 83' lang='lat' dir='ltr'>Clanio</span> <span class='ocrx_word' id='word_1_19' title='bbox 584 598 729 642; x_wconf 81' lang='lat' dir='ltr'><em>contentae</em></span> <span class='ocrx_word' id='word_1_20' title='bbox 749 574 852 662; x_wconf 78' lang='lat' dir='ltr'><em>semper</em></span> <span class='ocrx_word' id='word_1_21' title='bbox 871 581 1001 646; x_wconf 80' lang='lat' dir='ltr'><em>Acerrae.</em></span> <span class='ocrx_word' id='word_1_22' title='bbox 1140 585 1285 640; x_wconf 66' lang='lat' dir='ltr'>nussum</span> 
     </span>
     <span class='ocr_line' id='line_1_4' title="bbox 334 677 1292 759; baseline -0.007 -15"><span class='ocrx_word' id='word_1_23' title='bbox 334 679 475 759; x_wconf 76' lang='lat' dir='ltr'><em>Acerrae)</em></span> <span class='ocrx_word' id='word_1_24' title='bbox 495 681 533 742; x_wconf 83' lang='lat' dir='ltr'>iro</span> <span class='ocrx_word' id='word_1_25' title='bbox 551 681 651 742; x_wconf 84' lang='lat' dir='ltr'>Codex</span> <span class='ocrx_word' id='word_1_26' title='bbox 671 677 755 745; x_wconf 82' lang='lat' dir='ltr'><em>Med.</em></span> <span class='ocrx_word' id='word_1_27' title='bbox 773 678 821 740; x_wconf 79' lang='lat' dir='ltr'>Est</span> <span class='ocrx_word' id='word_1_28' title='bbox 831 691 928 740; x_wconf 83' lang='lat' dir='ltr'><em>tamen</em></span> <span class='ocrx_word' id='word_1_29' title='bbox 944 677 1061 756; x_wconf 87' lang='lat' dir='ltr'>pluralis</span> <span class='ocrx_word' id='word_1_30' title='bbox 1071 679 1190 742; x_wconf 88' lang='lat' dir='ltr'>numeri.</span> <span class='ocrx_word' id='word_1_31' title='bbox 1210 691 1292 738; x_wconf 80' lang='lat' dir='ltr'>nno-</span> 
     </span>
     <span class='ocr_line' id='line_1_5' title="bbox 288 773 1291 854; baseline -0.011 -9"><span class='ocrx_word' id='word_1_32' title='bbox 288 794 374 848; x_wconf 76' lang='lat' dir='ltr'><em>ttov.</em></span> <span class='ocrx_word' id='word_1_33' title='bbox 426 839 429 844; x_wconf 87' lang='lat'><em>.</em></span> <span class='ocrx_word' id='word_1_34' title='bbox 459 781 576 842; x_wconf 81' lang='lat' dir='ltr'>Acerrae</span> <span class='ocrx_word' id='word_1_35' title='bbox 593 778 706 841; x_wconf 88' lang='lat' dir='ltr'><em>videtur</em></span> <span class='ocrx_word' id='word_1_36' title='bbox 727 776 860 854; x_wconf 76' lang='lat' dir='ltr'>scripsisse</span> <span class='ocrx_word' id='word_1_37' title='bbox 881 775 1000 852; x_wconf 83' lang='lat' dir='ltr'><strong>Vibius,</strong></span> <span class='ocrx_word' id='word_1_38' title='bbox 1039 779 1120 854; x_wconf 86' lang='lat' dir='ltr'>cujus</span> <span class='ocrx_word' id='word_1_39' title='bbox 1143 777 1183 838; x_wconf 89' lang='lat' dir='ltr'>rei</span> <span class='ocrx_word' id='word_1_40' title='bbox 1208 773 1291 837; x_wconf 83' lang='lat' dir='ltr'><em>testes</em></span> 
     </span>
     <span class='ocr_line' id='line_1_6' title="bbox 288 867 1287 956; baseline -0.01 -14"><span class='ocrx_word' id='word_1_41' title='bbox 288 876 355 942; x_wconf 85' lang='lat' dir='ltr'><em>sunt</em></span> <span class='ocrx_word' id='word_1_42' title='bbox 371 878 562 940; x_wconf 80' lang='lat' dir='ltr'><strong>membranae.</strong></span> <span class='ocrx_word' id='word_1_43' title='bbox 614 877 718 954; x_wconf 82' lang='lat' dir='ltr'>Neque</span> <span class='ocrx_word' id='word_1_44' title='bbox 747 875 843 951; x_wconf 85' lang='lat' dir='ltr'><em>obest,</em></span> <span class='ocrx_word' id='word_1_45' title='bbox 874 877 954 956; x_wconf 90' lang='lat' dir='ltr'>quud</span> <span class='ocrx_word' id='word_1_46' title='bbox 987 872 1090 939; x_wconf 88' lang='lat' dir='ltr'>vitium</span> <span class='ocrx_word' id='word_1_47' title='bbox 1118 869 1183 936; x_wconf 88' lang='lat' dir='ltr'>insrt</span> <span class='ocrx_word' id='word_1_48' title='bbox 1206 867 1287 942; x_wconf 90' lang='lat' dir='ltr'>voci,</span> 
     </span>
     <span class='ocr_line' id='line_1_7' title="bbox 289 970 1292 1055; baseline -0.008 -16"><span class='ocrx_word' id='word_1_49' title='bbox 289 978 396 1055; x_wconf 83' lang='lat' dir='ltr'>quippe</span> <span class='ocrx_word' id='word_1_50' title='bbox 415 977 461 1038; x_wconf 87' lang='lat' dir='ltr'>eui</span> <span class='ocrx_word' id='word_1_51' title='bbox 482 975 581 1038; x_wconf 77' lang='lat' dir='ltr'>similia</span> <span class='ocrx_word' id='word_1_52' title='bbox 603 976 788 1038; x_wconf 87' lang='lat' dir='ltr'>inveniuntur</span> <span class='ocrx_word' id='word_1_53' title='bbox 806 977 882 1052; x_wconf 85' lang='lat' dir='ltr'>apud</span> <span class='ocrx_word' id='word_1_54' title='bbox 914 975 1049 1038; x_wconf 86' lang='lat' dir='ltr'>nostrum.</span> <span class='ocrx_word' id='word_1_55' title='bbox 1093 973 1224 1038; x_wconf 90' lang='lat' dir='ltr'>Boocacii</span> <span class='ocrx_word' id='word_1_56' title='bbox 1252 970 1292 1032; x_wconf 90' lang='lat' dir='ltr'><em>est</em></span> 
     </span>
     <span class='ocr_line' id='line_1_8' title="bbox 290 1069 1287 1156; baseline -0.002 -20"><span class='ocrx_word' id='word_1_57' title='bbox 290 1073 376 1147; x_wconf 90' lang='lat' dir='ltr'>illud,</span> <span class='ocrx_word' id='word_1_58' title='bbox 387 1069 421 1156; x_wconf 76' lang='lat' dir='ltr'>est</span> <span class='ocrx_word' id='word_1_59' title='bbox 432 1069 509 1156; x_wconf 83' lang='lat' dir='ltr'><em>apud</em></span> <span class='ocrx_word' id='word_1_60' title='bbox 518 1073 649 1149; x_wconf 82' lang='lat' dir='ltr'><em>Acerras,</em></span> <span class='ocrx_word' id='word_1_61' title='bbox 660 1074 737 1136; x_wconf 91' lang='lat' dir='ltr'><em>unde</em></span> <span class='ocrx_word' id='word_1_62' title='bbox 746 1073 874 1137; x_wconf 80' lang='lat' dir='ltr'>librarius</span> <span class='ocrx_word' id='word_1_63' title='bbox 886 1076 947 1152; x_wconf 89' lang='lat' dir='ltr'>quis</span> <span class='ocrx_word' id='word_1_64' title='bbox 962 1073 1052 1135; x_wconf 91' lang='lat' dir='ltr'>homo</span> <span class='ocrx_word' id='word_1_65' title='bbox 1065 1071 1287 1150; x_wconf 62' lang='lat' dir='ltr'>transcripsitot</span> 
     </span>
     <span class='ocr_line' id='line_1_9' title="bbox 331 1169 1290 1254; baseline 0.002 -24"><span class='ocrx_word' id='word_1_66' title='bbox 331 1173 477 1232; x_wconf 73' lang='lat' dir='ltr'>meditatur</span> <span class='ocrx_word' id='word_1_67' title='bbox 498 1174 620 1254; x_wconf 77' lang='lat' dir='ltr'><em>pestem)</em></span> <span class='ocrx_word' id='word_1_68' title='bbox 643 1171 701 1235; x_wconf 90' lang='lat' dir='ltr'>hoc</span> <span class='ocrx_word' id='word_1_69' title='bbox 716 1174 824 1252; x_wconf 65' lang='lat' dir='ltr'>potirm</span> <span class='ocrx_word' id='word_1_70' title='bbox 849 1172 977 1236; x_wconf 83' lang='lat' dir='ltr'>redolet:</span> <span class='ocrx_word' id='word_1_71' title='bbox 1009 1174 1117 1236; x_wconf 86' lang='lat' dir='ltr'>etenim</span> <span class='ocrx_word' id='word_1_72' title='bbox 1135 1172 1185 1236; x_wconf 81' lang='lat' dir='ltr'><em>tali</em></span> <span class='ocrx_word' id='word_1_73' title='bbox 1201 1169 1290 1234; x_wconf 82' lang='lat' dir='ltr'>modu</span> 
     </span>
     <span class='ocr_line' id='line_1_10' title="bbox 252 1265 809 1349; baseline 0 -15"><span class='ocrx_word' id='word_1_74' title='bbox 252 1341 256 1349; x_wconf 55' lang='grc'><strong>,</strong></span> <span class='ocrx_word' id='word_1_75' title='bbox 288 1265 423 1334; x_wconf 84' lang='lat' dir='ltr'>Horatius</span> <span class='ocrx_word' id='word_1_76' title='bbox 444 1271 477 1335; x_wconf 86' lang='lat' dir='ltr'>L.</span> <span class='ocrx_word' id='word_1_77' title='bbox 503 1271 551 1332; x_wconf 89' lang='lat' dir='ltr'>lV.</span> <span class='ocrx_word' id='word_1_78' title='bbox 574 1271 623 1337; x_wconf 87' lang='lat' dir='ltr'>od.</span> <span class='ocrx_word' id='word_1_79' title='bbox 646 1291 691 1346; x_wconf 84' lang='lat'>14.</span> <span class='ocrx_word' id='word_1_80' title='bbox 713 1287 741 1333; x_wconf 83' lang='lat' dir='ltr'>v.</span> <span class='ocrx_word' id='word_1_81' title='bbox 760 1287 809 1346; x_wconf 66' lang='grc' dir='ltr'>ας.</span> 
     </span>
     <span class='ocr_line' id='line_1_11' title="bbox 454 1375 1016 1461; baseline -0.002 -20"><span class='ocrx_word' id='word_1_82' title='bbox 454 1381 505 1441; x_wconf 85' lang='lat' dir='ltr'>Sic</span> <span class='ocrx_word' id='word_1_83' title='bbox 527 1376 692 1461; x_wconf 72' lang='lat' dir='ltr'><em>taurifitrtnis</em></span> <span class='ocrx_word' id='word_1_84' title='bbox 722 1375 843 1442; x_wconf 79' lang='lat' dir='ltr'>uoluitur</span> <span class='ocrx_word' id='word_1_85' title='bbox 875 1375 1016 1460; x_wconf 79' lang='lat' dir='ltr'><em>Aufidus,</em></span> 
     </span>
     <span class='ocr_line' id='line_1_12' title="bbox 405 1479 1064 1564; baseline 0.003 -26"><span class='ocrx_word' id='word_1_86' title='bbox 405 1522 408 1530; x_wconf 80' lang='lat'><em>-</em></span> <span class='ocrx_word' id='word_1_87' title='bbox 457 1479 519 1558; x_wconf 82' lang='lat' dir='ltr'>Qui</span> <span class='ocrx_word' id='word_1_88' title='bbox 537 1501 618 1563; x_wconf 78' lang='lat' dir='ltr'><em>regna</em></span> <span class='ocrx_word' id='word_1_89' title='bbox 647 1479 746 1539; x_wconf 88' lang='lat' dir='ltr'>Dauni</span> <span class='ocrx_word' id='word_1_90' title='bbox 772 1479 903 1562; x_wconf 79' lang='lat' dir='ltr'><em>praefluit</em></span> <span class='ocrx_word' id='word_1_91' title='bbox 937 1481 1064 1564; x_wconf 75' lang='lat' dir='ltr'>Appuli3</span> 
     </span>
     <span class='ocr_line' id='line_1_13' title="bbox 499 1573 1073 1660; baseline 0.005 -24"><span class='ocrx_word' id='word_1_92' title='bbox 499 1579 590 1656; x_wconf 86' lang='lat' dir='ltr'>Quum</span> <span class='ocrx_word' id='word_1_93' title='bbox 613 1573 725 1654; x_wconf 80' lang='lat' dir='ltr'><em>saeuit,</em></span> <span class='ocrx_word' id='word_1_94' title='bbox 760 1579 966 1660; x_wconf 74' lang='lat' dir='ltr'>horrendamque</span> <span class='ocrx_word' id='word_1_95' title='bbox 991 1579 1073 1640; x_wconf 78' lang='lat' dir='ltr'><em>eutis</em></span> 
     </span>
     <span class='ocr_line' id='line_1_14' title="bbox 537 1675 963 1761; baseline 0.009 -25"><span class='ocrx_word' id='word_1_96' title='bbox 537 1675 679 1737; x_wconf 81' lang='lat' dir='ltr'>Diluviem</span> <span class='ocrx_word' id='word_1_97' title='bbox 707 1676 853 1738; x_wconf 80' lang='lat' dir='ltr'>meditatur</span> <span class='ocrx_word' id='word_1_98' title='bbox 879 1679 963 1761; x_wconf 82' lang='lat' dir='ltr'>agris.</span> 
     </span>
    </p>
   </div>
   <div class='ocr_carea' id='block_1_3' title="bbox 196 1769 1305 2662">
    <p class='ocr_par' dir='ltr' id='par_1_3' title="bbox 196 1769 1305 2662">
     <span class='ocr_line' id='line_1_15' title="bbox 287 1769 1305 1868; baseline -0.004 -18"><span class='ocrx_word' id='word_1_99' title='bbox 287 1785 338 1852; x_wconf 88' lang='lat' dir='ltr'>ubi</span> <span class='ocrx_word' id='word_1_100' title='bbox 363 1785 507 1847; x_wconf 79' lang='lat' dir='ltr'>meditatur</span> <span class='ocrx_word' id='word_1_101' title='bbox 525 1785 650 1864; x_wconf 83' lang='lat' dir='ltr'><em>praefert</em></span> <span class='ocrx_word' id='word_1_102' title='bbox 677 1786 793 1865; x_wconf 81' lang='lat' dir='ltr'><em>vulgato</em></span> <span class='ocrx_word' id='word_1_103' title='bbox 813 1787 955 1849; x_wconf 74' lang='lat' dir='ltr'>minuatur</span> <span class='ocrx_word' id='word_1_104' title='bbox 978 1785 1092 1868; x_wconf 84' lang='lat' dir='ltr'>Dionys.</span> <span class='ocrx_word' id='word_1_105' title='bbox 1120 1769 1305 1850; x_wconf 73' lang='lat' dir='ltr'>limbum.-</span> 
     </span>
     <span class='ocr_line' id='line_1_16' title="bbox 287 1881 1284 1966; baseline -0.007 -15"><span class='ocrx_word' id='word_1_106' title='bbox 287 1888 316 1952; x_wconf 84' lang='lat' dir='ltr'>ls</span> <span class='ocrx_word' id='word_1_107' title='bbox 332 1901 428 1950; x_wconf 88' lang='lat' dir='ltr'><em>autem</em></span> <span class='ocrx_word' id='word_1_108' title='bbox 448 1886 519 1948; x_wconf 88' lang='lat' dir='ltr'>dicit</span> <span class='ocrx_word' id='word_1_109' title='bbox 534 1881 688 1963; x_wconf 83' lang='lat' dir='ltr'><em>praelatam</em></span> <span class='ocrx_word' id='word_1_110' title='bbox 701 1885 856 1947; x_wconf 62' lang='lat' dir='ltr'>lectionem</span> <span class='ocrx_word' id='word_1_111' title='bbox 877 1885 1029 1966; x_wconf 82' lang='lat' dir='ltr'><em>agnoscere</em></span> <span class='ocrx_word' id='word_1_112' title='bbox 1050 1883 1284 1964; x_wconf 83' lang='lat' dir='ltr'>Porphyrionem.</span> 
     </span>
     <span class='ocr_line' id='line_1_17' title="bbox 286 1980 1288 2066; baseline -0.006 -19"><span class='ocrx_word' id='word_1_113' title='bbox 286 1986 336 2060; x_wconf 75' lang='lat' dir='ltr'>Est</span> <span class='ocrx_word' id='word_1_114' title='bbox 351 1987 406 2062; x_wconf 83' lang='lat' dir='ltr'>ita,</span> <span class='ocrx_word' id='word_1_115' title='bbox 426 1999 458 2048; x_wconf 88' lang='lat' dir='ltr'>ut</span> <span class='ocrx_word' id='word_1_116' title='bbox 479 1986 536 2049; x_wconf 80' lang='lat' dir='ltr'><em>aitr</em></span> <span class='ocrx_word' id='word_1_117' title='bbox 571 2002 673 2046; x_wconf 88' lang='lat' dir='ltr'>verum</span> <span class='ocrx_word' id='word_1_118' title='bbox 700 2003 764 2046; x_wconf 83' lang='lat' dir='ltr'>eom</span> <span class='ocrx_word' id='word_1_119' title='bbox 791 2005 852 2046; x_wconf 86' lang='lat' dir='ltr'>non</span> <span class='ocrx_word' id='word_1_120' title='bbox 882 1985 985 2065; x_wconf 80' lang='lat' dir='ltr'><em>probet</em></span> <span class='ocrx_word' id='word_1_121' title='bbox 1008 1986 1207 2066; x_wconf 78' lang='lat' dir='ltr'>grammaticus</span> <span class='ocrx_word' id='word_1_122' title='bbox 1239 1980 1288 2042; x_wconf 88' lang='lat' dir='ltr'>ille</span> 
     </span>
     <span class='ocr_line' id='line_1_18' title="bbox 287 2081 1287 2167; baseline -0.008 -21"><span class='ocrx_word' id='word_1_123' title='bbox 287 2083 390 2159; x_wconf 86' lang='lat' dir='ltr'><em>Male,</em></span> <span class='ocrx_word' id='word_1_124' title='bbox 414 2087 508 2158; x_wconf 84' lang='lat' dir='ltr'>siens,</span> <span class='ocrx_word' id='word_1_125' title='bbox 536 2082 608 2141; x_wconf 79' lang='lat' dir='ltr'>dixit</span> <span class='ocrx_word' id='word_1_126' title='bbox 623 2083 787 2152; x_wconf 84' lang='lat' dir='ltr'><em>meditetur,</em></span> <span class='ocrx_word' id='word_1_127' title='bbox 812 2085 877 2164; x_wconf 81' lang='lat' dir='ltr'><em>quia</em></span> <span class='ocrx_word' id='word_1_128' title='bbox 897 2085 926 2144; x_wconf 87' lang='lat' dir='ltr'><em>t&#39;n</em></span> <span class='ocrx_word' id='word_1_129' title='bbox 942 2081 1001 2167; x_wconf 71' lang='lat' dir='ltr'>ipſse</span> <span class='ocrx_word' id='word_1_130' title='bbox 1017 2091 1078 2144; x_wconf 77' lang='lat' dir='ltr'><em>etin</em></span> <span class='ocrx_word' id='word_1_131' title='bbox 1097 2085 1152 2166; x_wconf 76' lang='lat' dir='ltr'><em>est,-</em></span> <span class='ocrx_word' id='word_1_132' title='bbox 1178 2101 1225 2141; x_wconf 88' lang='lat' dir='ltr'><em>rtet</em></span> <span class='ocrx_word' id='word_1_133' title='bbox 1240 2081 1287 2138; x_wconf 86' lang='lat' dir='ltr'>de-</span> 
     </span>
     <span class='ocr_line' id='line_1_19' title="bbox 287 2176 1288 2264; baseline -0.005 -24"><span class='ocrx_word' id='word_1_134' title='bbox 287 2183 331 2241; x_wconf 74' lang='lat' dir='ltr'>bet</span> <span class='ocrx_word' id='word_1_135' title='bbox 356 2183 495 2264; x_wconf 79' lang='lat' dir='ltr'><em>cogitare,</em></span> <span class='ocrx_word' id='word_1_136' title='bbox 517 2198 566 2240; x_wconf 86' lang='lat' dir='ltr'>aut</span> <span class='ocrx_word' id='word_1_137' title='bbox 595 2176 744 2255; x_wconf 81' lang='lat' dir='ltr'><em>condiscere</em></span> <span class='ocrx_word' id='word_1_138' title='bbox 764 2183 810 2258; x_wconf 89' lang='lat' dir='ltr'>id,</span> <span class='ocrx_word' id='word_1_139' title='bbox 842 2186 915 2264; x_wconf 84' lang='lat' dir='ltr'><em>quod</em></span> <span class='ocrx_word' id='word_1_140' title='bbox 924 2180 985 2263; x_wconf 89' lang='lat' dir='ltr'>jam</span> <span class='ocrx_word' id='word_1_141' title='bbox 996 2182 1087 2260; x_wconf 85' lang='lat' dir='ltr'><em>facit.</em></span> <span class='ocrx_word' id='word_1_142' title='bbox 1131 2179 1288 2242; x_wconf 87' lang='lat' dir='ltr'><em>Meditatur</em></span> 
     </span>
     <span class='ocr_line' id='line_1_20' title="bbox 287 2279 1287 2358; baseline -0.006 -16"><span class='ocrx_word' id='word_1_143' title='bbox 287 2280 414 2358; x_wconf 79' lang='lat' dir='ltr'><em>agnoscit</em></span> <span class='ocrx_word' id='word_1_144' title='bbox 433 2281 519 2342; x_wconf 82' lang='lat' dir='ltr'>etism</span> <span class='ocrx_word' id='word_1_145' title='bbox 545 2281 660 2342; x_wconf 82' lang='lat' dir='ltr'>Acron:</span> <span class='ocrx_word' id='word_1_146' title='bbox 695 2301 750 2358; x_wconf 85' lang='lat' dir='ltr'>qua</span> <span class='ocrx_word' id='word_1_147' title='bbox 775 2282 812 2343; x_wconf 88' lang='lat' dir='ltr'>de</span> <span class='ocrx_word' id='word_1_148' title='bbox 838 2300 912 2343; x_wconf 85' lang='lat' dir='ltr'><em>voce</em></span> <span class='ocrx_word' id='word_1_149' title='bbox 942 2279 1083 2342; x_wconf 85' lang='lat' dir='ltr'>consulito</span> <span class='ocrx_word' id='word_1_150' title='bbox 1111 2289 1287 2342; x_wconf 74' lang='lat' dir='ltr'>enarratores</span> 
     </span>
     <span class='ocr_line' id='line_1_21' title="bbox 286 2374 1288 2456; baseline -0.008 -12"><span class='ocrx_word' id='word_1_151' title='bbox 286 2378 420 2454; x_wconf 84' lang='lat' dir='ltr'>Horatii,</span> <span class='ocrx_word' id='word_1_152' title='bbox 445 2380 505 2454; x_wconf 84' lang='lat' dir='ltr'>Joo.</span> <span class='ocrx_word' id='word_1_153' title='bbox 533 2379 711 2456; x_wconf 81' lang='lat' dir='ltr'>eruqoium,</span> <span class='ocrx_word' id='word_1_154' title='bbox 746 2380 830 2443; x_wconf 82' lang='lat' dir='ltr'><em>Loev.</em></span> <span class='ocrx_word' id='word_1_155' title='bbox 859 2380 1043 2442; x_wconf 87' lang='lat' dir='ltr'>Torrentium</span> <span class='ocrx_word' id='word_1_156' title='bbox 1071 2377 1210 2444; x_wconf 79' lang='lat' dir='ltr'>&amp;tindn</span> <span class='ocrx_word' id='word_1_157' title='bbox 1231 2374 1288 2438; x_wconf 84' lang='lat' dir='ltr'>Da·</span> 
     </span>
     <span class='ocr_line' id='line_1_22' title="bbox 287 2478 802 2548; baseline -0.004 -10"><span class='ocrx_word' id='word_1_158' title='bbox 287 2478 424 2548; x_wconf 73' lang='lat' dir='ltr'>cerium,</span> <span class='ocrx_word' id='word_1_159' title='bbox 799 2513 802 2525; x_wconf 85' lang='lat'>·</span> 
     </span>
     <span class='ocr_line' id='line_1_23' title="bbox 196 2569 1287 2662; baseline -0.002 -27"><span class='ocrx_word' id='word_1_160' title='bbox 196 2585 198 2592; x_wconf 80' lang='grc'><em>’</em></span> <span class='ocrx_word' id='word_1_161' title='bbox 324 2577 439 2662; x_wconf 76' lang='lat' dir='ltr'><em>pestem)</em></span> <span class='ocrx_word' id='word_1_162' title='bbox 473 2575 563 2654; x_wconf 86' lang='lat' dir='ltr'>Super</span> <span class='ocrx_word' id='word_1_163' title='bbox 593 2575 679 2652; x_wconf 86' lang='lat' dir='ltr'>hujus</span> <span class='ocrx_word' id='word_1_164' title='bbox 708 2577 840 2641; x_wconf 80' lang='lat' dir='ltr'>vocabuli</span> <span class='ocrx_word' id='word_1_165' title='bbox 865 2574 1067 2657; x_wconf 80' lang='lat' dir='ltr'>significatione</span> <span class='ocrx_word' id='word_1_166' title='bbox 1095 2576 1204 2656; x_wconf 77' lang='lat' dir='ltr'><em>cyriae.</em></span> <span class='ocrx_word' id='word_1_167' title='bbox 1229 2569 1287 2652; x_wconf 79' lang='lat' dir='ltr'><em>agie</em></span> 
     </span>
    </p>
   </div>
   <div class='ocr_carea' id='block_1_4' title="bbox 194 2671 1288 2760">
    <p class='ocr_par' dir='ltr' id='par_1_4' title="bbox 194 2671 1288 2760">
     <span class='ocr_line' id='line_1_24' title="bbox 194 2671 1288 2760; baseline -0.005 -20"><span class='ocrx_word' id='word_1_168' title='bbox 194 2715 196 2718; x_wconf 90' lang='lat'>-</span> <span class='ocrx_word' id='word_1_169' title='bbox 288 2675 453 2739; x_wconf 73' lang='lat' dir='ltr'><em>cunerem</em></span> <span class='ocrx_word' id='word_1_170' title='bbox 476 2675 566 2737; x_wconf 79' lang='lat' dir='ltr'>raon.</span> <span class='ocrx_word' id='word_1_171' title='bbox 585 2675 670 2738; x_wconf 73' lang='lat' dir='ltr'><em>reste.</em></span> <span class='ocrx_word' id='word_1_172' title='bbox 692 2677 715 2753; x_wconf 81' lang='lat'>§-</span> <span class='ocrx_word' id='word_1_173' title='bbox 740 2671 827 2754; x_wconf 80' lang='lat'>1348.</span> <span class='ocrx_word' id='word_1_174' title='bbox 858 2679 943 2760; x_wconf 72' lang='lat' dir='ltr'><em>tero</em></span> <span class='ocrx_word' id='word_1_175' title='bbox 975 2679 1023 2742; x_wconf 77' lang='lat' dir='ltr'><em>ure</em></span> <span class='ocrx_word' id='word_1_176' title='bbox 1044 2677 1179 2756; x_wconf 83' lang='lat' dir='ltr'><em>fignificat</em></span> <span class='ocrx_word' id='word_1_177' title='bbox 1196 2673 1288 2755; x_wconf 69' lang='lat' dir='ltr'><em>pera·</em></span> 
     </span>
    </p>
   </div>
   <div class='ocr_carea' id='block_1_5' title="bbox 285 2770 1287 3250">
    <p class='ocr_par' dir='ltr' id='par_1_5' title="bbox 285 2770 1287 3250">
     <span class='ocr_line' id='line_1_25' title="bbox 286 2770 1287 2854; baseline -0.01 -16"><span class='ocrx_word' id='word_1_178' title='bbox 286 2777 368 2850; x_wconf 75' lang='lat' dir='ltr'>curn,</span> <span class='ocrx_word' id='word_1_179' title='bbox 392 2797 448 2853; x_wconf 89' lang='lat' dir='ltr'>quo</span> <span class='ocrx_word' id='word_1_180' title='bbox 472 2775 559 2837; x_wconf 85' lang='lat' dir='ltr'><em>verbo</em></span> <span class='ocrx_word' id='word_1_181' title='bbox 575 2774 692 2838; x_wconf 81' lang='lat' dir='ltr'>Tacitus</span> <span class='ocrx_word' id='word_1_182' title='bbox 712 2796 778 2837; x_wconf 87' lang='lat' dir='ltr'>ann.</span> <span class='ocrx_word' id='word_1_183' title='bbox 801 2776 831 2838; x_wconf 85' lang='lat' dir='ltr'>L.</span> <span class='ocrx_word' id='word_1_184' title='bbox 848 2776 870 2838; x_wconf 92' lang='lat' dir='ltr'>l.</span> <span class='ocrx_word' id='word_1_185' title='bbox 896 2797 957 2854; x_wconf 85' lang='lat' dir='ltr'>cop.</span> <span class='ocrx_word' id='word_1_186' title='bbox 979 2793 1026 2854; x_wconf 81' lang='lat'>79.</span> <span class='ocrx_word' id='word_1_187' title='bbox 1048 2778 1136 2838; x_wconf 87' lang='lat' dir='ltr'><em>utitur</em></span> <span class='ocrx_word' id='word_1_188' title='bbox 1154 2777 1184 2834; x_wconf 89' lang='lat' dir='ltr'>in</span> <span class='ocrx_word' id='word_1_189' title='bbox 1200 2790 1231 2832; x_wconf 87' lang='lat' dir='ltr'>rc</span> <span class='ocrx_word' id='word_1_190' title='bbox 1251 2770 1287 2829; x_wconf 84' lang='lat' dir='ltr'>st·</span> 
     </span>
     <span class='ocr_line' id='line_1_26' title="bbox 286 2869 1283 2952; baseline -0.012 -14"><span class='ocrx_word' id='word_1_191' title='bbox 286 2873 357 2938; x_wconf 85' lang='lat' dir='ltr'>mili.</span> <span class='ocrx_word' id='word_1_192' title='bbox 402 2876 516 2947; x_wconf 77' lang='lat' dir='ltr'><em>Attum,</em></span> <span class='ocrx_word' id='word_1_193' title='bbox 543 2875 655 2952; x_wconf 88' lang='lat' dir='ltr'>inquit,</span> <span class='ocrx_word' id='word_1_194' title='bbox 678 2875 770 2933; x_wconf 88' lang='lat' dir='ltr'><em>deinde</em></span> <span class='ocrx_word' id='word_1_195' title='bbox 793 2876 821 2935; x_wconf 88' lang='lat' dir='ltr'><em>irt</em></span> <span class='ocrx_word' id='word_1_196' title='bbox 836 2869 935 2949; x_wconf 88' lang='lat' dir='ltr'><em>senatu</em></span> <span class='ocrx_word' id='word_1_197' title='bbox 956 2877 990 2934; x_wconf 84' lang='lat' dir='ltr'><em>ab</em></span> <span class='ocrx_word' id='word_1_198' title='bbox 1012 2869 1283 2937; x_wconf 68' lang='lat' dir='ltr'><em>aemularentur,</em></span> 
     </span>
     <span class='ocr_line' id='line_1_27' title="bbox 286 2967 1285 3052; baseline -0.001 -22"><span class='ocrx_word' id='word_1_199' title='bbox 286 2994 323 3030; x_wconf 85' lang='lat' dir='ltr'><em>an</em></span> <span class='ocrx_word' id='word_1_200' title='bbox 340 2973 372 3031; x_wconf 85' lang='lat' dir='ltr'><em>ab</em></span> <span class='ocrx_word' id='word_1_201' title='bbox 393 2973 568 3035; x_wconf 87' lang='lat' dir='ltr'><em>moderandas</em></span> <span class='ocrx_word' id='word_1_202' title='bbox 591 2973 697 3032; x_wconf 86' lang='lat' dir='ltr'>Tiberis</span> <span class='ocrx_word' id='word_1_203' title='bbox 716 2976 909 3034; x_wconf 80' lang='lat' dir='ltr'>exundationes</span> <span class='ocrx_word' id='word_1_204' title='bbox 934 2992 1096 3036; x_wconf 72' lang='lat' dir='ltr'><em>verterentur</em></span> <span class='ocrx_word' id='word_1_205' title='bbox 1112 2971 1225 3052; x_wconf 78' lang='lat' dir='ltr'>flumina</span> <span class='ocrx_word' id='word_1_206' title='bbox 1255 2967 1285 3026; x_wconf 69' lang='grc' dir='ltr'>δ’</span> 
     </span>
     <span class='ocr_line' id='line_1_28' title="bbox 285 3065 1285 3156; baseline 0.001 -30"><span class='ocrx_word' id='word_1_207' title='bbox 285 3067 380 3141; x_wconf 81' lang='lat' dir='ltr'><em>laerte,</em></span> <span class='ocrx_word' id='word_1_208' title='bbox 404 3089 455 3149; x_wconf 82' lang='lat' dir='ltr'><em>ptr</em></span> <span class='ocrx_word' id='word_1_209' title='bbox 480 3091 546 3149; x_wconf 89' lang='lat' dir='ltr'>quos</span> <span class='ocrx_word' id='word_1_210' title='bbox 569 3065 698 3152; x_wconf 77' lang='lat' dir='ltr'><em>augescit.</em></span> <span class='ocrx_word' id='word_1_211' title='bbox 742 3073 916 3153; x_wconf 86' lang='lat' dir='ltr'><em>Auditaeque</em></span> <span class='ocrx_word' id='word_1_212' title='bbox 935 3074 1135 3156; x_wconf 77' lang='lat' dir='ltr'>municipiorum</span> <span class='ocrx_word' id='word_1_213' title='bbox 1158 3071 1185 3132; x_wconf 74' lang='lat' dir='ltr'>u</span> <span class='ocrx_word' id='word_1_214' title='bbox 1208 3067 1285 3128; x_wconf 85' lang='lat' dir='ltr'>colo·</span> 
     </span>
     <span class='ocr_line' id='line_1_29' title="bbox 285 3165 1287 3250; baseline 0.003 -24"><span class='ocrx_word' id='word_1_215' title='bbox 285 3165 389 3226; x_wconf 89' lang='lat' dir='ltr'>niarum</span> <span class='ocrx_word' id='word_1_216' title='bbox 409 3165 555 3249; x_wconf 81' lang='lat' dir='ltr'><em>legationes</em></span> <span class='ocrx_word' id='word_1_217' title='bbox 566 3189 580 3238; x_wconf 87' lang='lat'>,·</span> <span class='ocrx_word' id='word_1_218' title='bbox 602 3170 744 3228; x_wconf 82' lang='lat' dir='ltr'><em>orantibus</em></span> <span class='ocrx_word' id='word_1_219' title='bbox 767 3170 948 3248; x_wconf 85' lang='lat' dir='ltr'>Florentinis,</span> <span class='ocrx_word' id='word_1_220' title='bbox 976 3194 1009 3232; x_wconf 87' lang='lat' dir='ltr'>ne</span> <span class='ocrx_word' id='word_1_221' title='bbox 1031 3171 1126 3234; x_wconf 82' lang='lat' dir='ltr'>Clanis</span> <span class='ocrx_word' id='word_1_222' title='bbox 1138 3167 1223 3250; x_wconf 77' lang='lat' dir='ltr'><em>firlteo</em></span> <span class='ocrx_word' id='word_1_223' title='bbox 1240 3167 1287 3237; x_wconf 53' lang='lat' dir='ltr'>alf</span> 
     </span>
    </p>
   </div>
   <div class='ocr_carea' id='block_1_6' title="bbox 180 3265 1288 3354">
    <p class='ocr_par' dir='ltr' id='par_1_6' title="bbox 180 3265 1288 3354">
     <span class='ocr_line' id='line_1_30' title="bbox 180 3265 1288 3354; baseline -0.002 -27"><span class='ocrx_word' id='word_1_224' title='bbox 180 3299 182 3305; x_wconf 54' lang='lat'><em>2</em></span> <span class='ocrx_word' id='word_1_225' title='bbox 287 3286 335 3328; x_wconf 82' lang='lat' dir='ltr'>uto</span> <span class='ocrx_word' id='word_1_226' title='bbox 358 3265 477 3324; x_wconf 87' lang='lat' dir='ltr'><em>demotus</em></span> <span class='ocrx_word' id='word_1_227' title='bbox 493 3267 521 3325; x_wconf 90' lang='lat' dir='ltr'><em>irt</em></span> <span class='ocrx_word' id='word_1_228' title='bbox 539 3279 641 3344; x_wconf 83' lang='lat' dir='ltr'>amnem</span> <span class='ocrx_word' id='word_1_229' title='bbox 663 3269 774 3328; x_wconf 82' lang='lat' dir='ltr'>Arnum</span> <span class='ocrx_word' id='word_1_230' title='bbox 792 3266 999 3350; x_wconf 77' lang='lat' dir='ltr'><em>transfermtut,</em></span> <span class='ocrx_word' id='word_1_231' title='bbox 1029 3271 1107 3352; x_wconf 87' lang='lat' dir='ltr'><em>idque</em></span> <span class='ocrx_word' id='word_1_232' title='bbox 1136 3271 1198 3354; x_wconf 81' lang='lat' dir='ltr'>ipsts</span> <span class='ocrx_word' id='word_1_233' title='bbox 1221 3286 1288 3350; x_wconf 82' lang='lat' dir='ltr'><em>per·</em></span> 
     </span>
    </p>
   </div>
   <div class='ocr_carea' id='block_1_7' title="bbox 282 3355 1288 4050">
    <p class='ocr_par' dir='ltr' id='par_1_7' title="bbox 284 3355 1288 3730">
     <span class='ocr_line' id='line_1_31' title="bbox 285 3355 1287 3448; baseline -0.001 -23"><span class='ocrx_word' id='word_1_234' title='bbox 285 3364 380 3425; x_wconf 81' lang='lat' dir='ltr'>niciam</span> <span class='ocrx_word' id='word_1_235' title='bbox 405 3355 529 3448; x_wconf 86' lang='lat' dir='ltr'><em>adferret.</em></span> <span class='ocrx_word' id='word_1_236' title='bbox 556 3364 707 3444; x_wconf 79' lang='lat' dir='ltr'>&amp;reliqua</span> <span class='ocrx_word' id='word_1_237' title='bbox 729 3367 801 3445; x_wconf 84' lang='lat' dir='ltr'><em>lege.</em></span> <span class='ocrx_word' id='word_1_238' title='bbox 833 3369 949 3432; x_wconf 51' lang='lat' dir='ltr'>&#39;Horatii</span> <span class='ocrx_word' id='word_1_239' title='bbox 966 3369 1094 3430; x_wconf 82' lang='lat' dir='ltr'>diluviem</span> <span class='ocrx_word' id='word_1_240' title='bbox 1116 3371 1287 3442; x_wconf 86' lang='lat' dir='ltr'><em>interpreta-</em></span> 
     </span>
     <span class='ocr_line' id='line_1_32' title="bbox 287 3464 1288 3549; baseline -0.004 -21"><span class='ocrx_word' id='word_1_241' title='bbox 287 3478 332 3528; x_wconf 90' lang='lat' dir='ltr'>tur</span> <span class='ocrx_word' id='word_1_242' title='bbox 348 3464 690 3548; x_wconf 60' lang='lat' dir='ltr'>Cruquiariusinterpres</span> <span class='ocrx_word' id='word_1_243' title='bbox 718 3466 874 3526; x_wconf 81' lang='lat' dir='ltr'><em>horrendum</em></span> <span class='ocrx_word' id='word_1_244' title='bbox 903 3487 1034 3549; x_wconf 85' lang='lat' dir='ltr'><em>equarum</em></span> <span class='ocrx_word' id='word_1_245' title='bbox 1073 3467 1196 3549; x_wconf 83' lang='lat' dir='ltr'>impeturn</span> <span class='ocrx_word' id='word_1_246' title='bbox 1222 3481 1288 3524; x_wconf 89' lang='lat' dir='ltr'>cum</span> 
     </span>
     <span class='ocr_line' id='line_1_33' title="bbox 284 3557 1286 3647; baseline -0.001 -21"><span class='ocrx_word' id='word_1_247' title='bbox 284 3567 410 3645; x_wconf 82' lang='lat' dir='ltr'><em>eeerfione</em></span> <span class='ocrx_word' id='word_1_248' title='bbox 436 3585 566 3647; x_wconf 77' lang='lat' dir='ltr'><em>agrorum.</em></span> <span class='ocrx_word' id='word_1_249' title='bbox 597 3566 703 3633; x_wconf 88' lang='lat' dir='ltr'>Verum</span> <span class='ocrx_word' id='word_1_250' title='bbox 728 3567 877 3627; x_wconf 88' lang='lat' dir='ltr'>enimvero</span> <span class='ocrx_word' id='word_1_251' title='bbox 904 3585 997 3643; x_wconf 87' lang='lat' dir='ltr'><em>neque</em></span> <span class='ocrx_word' id='word_1_252' title='bbox 1017 3565 1131 3629; x_wconf 85' lang='lat' dir='ltr'>Clanius</span> <span class='ocrx_word' id='word_1_253' title='bbox 1155 3563 1204 3624; x_wconf 87' lang='lat' dir='ltr'>lrio</span> <span class='ocrx_word' id='word_1_254' title='bbox 1226 3557 1286 3625; x_wconf 76' lang='lat' dir='ltr'>effe</span> 
     </span>
     <span class='ocr_line' id='line_1_34' title="bbox 286 3655 948 3730; baseline 0.003 -2"><span class='ocrx_word' id='word_1_255' title='bbox 286 3665 409 3728; x_wconf 88' lang='lat' dir='ltr'><em>debebat</em></span> <span class='ocrx_word' id='word_1_256' title='bbox 430 3665 460 3726; x_wconf 90' lang='lat' dir='ltr'>in</span> <span class='ocrx_word' id='word_1_257' title='bbox 478 3683 599 3726; x_wconf 87' lang='lat' dir='ltr'>numero</span> <span class='ocrx_word' id='word_1_258' title='bbox 631 3667 764 3728; x_wconf 86' lang='lat' dir='ltr'>fontium.</span> <span class='ocrx_word' id='word_1_259' title='bbox 809 3655 948 3730; x_wconf 75' lang='lat' dir='ltr'>nussui.</span> 
     </span>
    </p>

    <p class='ocr_par' dir='ltr' id='par_1_8' title="bbox 282 3759 1287 4050">
     <span class='ocr_line' id='line_1_35' title="bbox 328 3759 1287 3842; baseline -0.001 -18"><span class='ocrx_word' id='word_1_260' title='bbox 328 3763 442 3825; x_wconf 85' lang='lat' dir='ltr'>Clanius</span> <span class='ocrx_word' id='word_1_261' title='bbox 467 3763 540 3823; x_wconf 85' lang='lat' dir='ltr'>male</span> <span class='ocrx_word' id='word_1_262' title='bbox 555 3763 683 3824; x_wconf 85' lang='lat' dir='ltr'>lontibus</span> <span class='ocrx_word' id='word_1_263' title='bbox 702 3764 874 3826; x_wconf 85' lang='lat' dir='ltr'><em>accensetur.</em></span> <span class='ocrx_word' id='word_1_264' title='bbox 901 3762 1053 3842; x_wconf 88' lang='lat' dir='ltr'>Duplicem</span> <span class='ocrx_word' id='word_1_265' title='bbox 1066 3761 1221 3842; x_wconf 82' lang='lat' dir='ltr'>Campanis</span> <span class='ocrx_word' id='word_1_266' title='bbox 1235 3759 1287 3823; x_wconf 79' lang='lat' dir='ltr'>lra-</span> 
     </span>
     <span class='ocr_line' id='line_1_36' title="bbox 282 3859 1284 3941; baseline -0.001 -18"><span class='ocrx_word' id='word_1_267' title='bbox 282 3859 346 3923; x_wconf 87' lang='lat' dir='ltr'>buit</span> <span class='ocrx_word' id='word_1_268' title='bbox 366 3863 478 3924; x_wconf 87' lang='lat' dir='ltr'>Clenim</span> <span class='ocrx_word' id='word_1_269' title='bbox 494 3862 633 3938; x_wconf 84' lang='lat' dir='ltr'>fluvium,</span> <span class='ocrx_word' id='word_1_270' title='bbox 660 3879 783 3940; x_wconf 91' lang='lat' dir='ltr'>quorum</span> <span class='ocrx_word' id='word_1_271' title='bbox 799 3863 869 3924; x_wconf 86' lang='lat' dir='ltr'><em>alter</em></span> <span class='ocrx_word' id='word_1_272' title='bbox 892 3861 1057 3941; x_wconf 84' lang='lat' dir='ltr'>idumeum</span> <span class='ocrx_word' id='word_1_273' title='bbox 1077 3861 1151 3937; x_wconf 88' lang='lat' dir='ltr'>Liri,</span> <span class='ocrx_word' id='word_1_274' title='bbox 1172 3863 1284 3938; x_wconf 89' lang='lat' dir='ltr'><em>dequo</em></span> 
     </span>
     <span class='ocr_line' id='line_1_37' title="bbox 284 3959 1286 4050; baseline -0.009 -19"><span class='ocrx_word' id='word_1_275' title='bbox 284 3959 366 4039; x_wconf 74' lang='lat' dir='ltr'>supro</span> <span class='ocrx_word' id='word_1_276' title='bbox 380 3982 444 4050; x_wconf 84' lang='lat' dir='ltr'><em>pag.</em></span> <span class='ocrx_word' id='word_1_277' title='bbox 471 3965 536 4044; x_wconf 65' lang='grc' dir='ltr'>ηρ.</span> <span class='ocrx_word' id='word_1_278' title='bbox 559 3960 632 4026; x_wconf 71' lang='lat' dir='ltr'><em>&#39;ulter</em></span> <span class='ocrx_word' id='word_1_279' title='bbox 650 3962 729 4024; x_wconf 85' lang='lat' dir='ltr'>idem</span> <span class='ocrx_word' id='word_1_280' title='bbox 749 3981 816 4028; x_wconf 86' lang='lat' dir='ltr'>cum</span> <span class='ocrx_word' id='word_1_281' title='bbox 831 3963 966 4038; x_wconf 88' lang='lat' dir='ltr'>Literno,</span> <span class='ocrx_word' id='word_1_282' title='bbox 984 3965 1066 4038; x_wconf 87' lang='lat' dir='ltr'>cujus</span> <span class='ocrx_word' id='word_1_283' title='bbox 1082 3961 1132 4024; x_wconf 83' lang='lat' dir='ltr'>lic</span> <span class='ocrx_word' id='word_1_284' title='bbox 1150 3959 1286 4022; x_wconf 87' lang='lat' dir='ltr'>meminit</span> 
     </span>
    </p>
   </div>
   <div class='ocr_carea' id='block_1_8' title="bbox 1176 4057 1385 4122">
    <p class='ocr_par' dir='ltr' id='par_1_9' title="bbox 1176 4057 1385 4122">
     <span class='ocr_line' id='line_1_38' title="bbox 1176 4057 1385 4122; baseline -0.005 -3"><span class='ocrx_word' id='word_1_285' title='bbox 1176 4057 1283 4122; x_wconf 86' lang='lat' dir='ltr'>noster.</span> <span class='ocrx_word' id='word_1_286' title='bbox 1380 4107 1385 4118; x_wconf 92' lang='lat'>.</span> 
     </span>
    </p>
   </div>
   <div class='ocr_carea' id='block_1_9' title="bbox 0 0 1420 4716">
    <p class='ocr_par' dir='ltr' id='par_1_10' title="bbox 0 0 1420 4716">
     <span class='ocr_line' id='line_1_39' title="bbox 0 0 1420 4716; baseline 0 1"><span class='ocrx_word' id='word_1_287' title='bbox 0 0 1420 4716; x_wconf 95' lang='lat' dir='ltr'> </span> 
     </span>
    </p>
   </div>
  </div>
 </body>
</html>
