2836 4718
276 305 358 416 ³9⁸
503 319 688 390 notre
745 317 1064 383 vunronuru

722 493 829 542 IOVI

674 593 877 640 mmo

593 691 627 740 Τ.
672 692 836 740 VIVIVS
880 687 960 741 cn

672 789 885 838 Moouuus

556 888 770 937 rvuu’Icln
814 889 994 938 EVPHRO

608 987 722 1036 SYNE
766 988 940 1036 cou1vx

672 1087 707 1132 V.
730 1087 757 1134 S·
782 1087 815 1134 D·
839 1088 871 1132 D.

214 1265 216 1270 ,
278 1193 533 1266 concentonem
555 1192 691 1270 lliaffejus
716 1193 872 1275 Apenninos
885 1189 974 1276 sortes
993 1193 1132 1271 adducit,
1155 1217 1279 1276 quarum

277 1295 416 1376 Vopiscus
432 1294 463 1354 in
476 1293 571 1354 Firmo
586 1293 737 1366 meminit,
759 1294 830 1354 item
852 1294 937 1356 verbo
951 1293 1085 1356 Pollionis
1110 1298 1142 1358 in
1155 1297 1280 1360 Claudio
1400 1380 1401 1384 Ἰ

277 1398 366 1462 Goth.
389 1391 510 1475 quumin
530 1390 668 1473 Apermino
692 1393 725 1450 de
743 1386 775 1466 fi
798 1387 953 1466 consuleret.
996 1394 1123 1458 Deorum
1138 1397 1281 1456 Anconam

276 1485 372 1558 beni
381 1495 469 1552 urbem
476 1487 634 1567 salutarunt
643 1532 656 1561 ,
665 1511 733 1571 quoe
744 1490 773 1550 in
791 1491 900 1577 angusto
911 1493 1022 1552 duorum
1034 1492 1275 1574 promontoriorum

276 1617 313 1656 ex
336 1587 441 1669 diverso
456 1589 604 1650 coeuntium
623 1589 744 1666 inflexu,
776 1590 859 1648 cubiti
884 1589 999 1672 imagine
1027 1585 1139 1666 sedens,
1166 1589 1226 1646 ideo
1256 1611 1278 1648 a

279 1692 376 1754 Graiis
393 1691 463 1752 eina
481 1692 586 1750 Ancon.
614 1688 683 1750 teste
700 1671 798 1766 Pomp.
820 1687 899 1774 Melo
923 1688 954 1752 L.
973 1689 1009 1750 ll.
1041 1709 1066 1752 c.
1091 1709 1135 1762 14.
1147 1761 1152 1769 .
1164 1686 1279 1748 Graeco

277 1810 360 1854 more
379 1787 463 1868 saepe
484 1787 586 1850 Poetae
603 1807 613 1863 ;
644 1806 715 1866 quos
733 1785 844 1849 secutus
864 1785 971 1850 Vibius.
999 1788 1044 1850 Ita
1068 1805 1182 1866 quoque
1198 1805 1279 1864 grae·

276 1889 377 1953 ciliano
395 1887 505 1950 Atticus
529 1887 566 1948 ad
587 1885 757 1948 Ciceronem
773 1885 804 1947 L.
823 1885 888 1950 Vll.
913 1904 960 1966 ep.
982 1907 1028 1952 ιι.
1057 1891 1192 1949 Anconem
1208 1884 1278 1944 ami-

269 1989 366 2072 fiw.
385 1989 423 2052 ef.
442 1985 579 2050 Cellarius
600 1985 687 2052 LII.
705 2005 731 2049 o.
750 2005 780 2060 9.
823 1983 861 2047 O.

691 2150 873 2238 Albanus

317 2348 391 2411 liuor
420 2357 549 2408 montem
570 2344 664 2408 cultus
686 2346 771 2421 lovis
799 2347 914 2410 Latialio
930 2344 1116 2417 nobilitavit,
1134 2347 1278 2425 feriaeque

277 2426 411 2524 batione,
434 2447 587 2525 quotannis
609 2464 645 2508 ex
666 2445 839 2524 praescripto
861 2446 1008 2524 Tarquinii
1037 2445 1159 2522 Superbi
1188 2446 1219 2506 in
1240 2465 1278 2506 eo

277 2546 412 2636 eelebrari
440 2544 547 2608 solitae.
579 2565 605 2608 v.
631 2546 781 2624 Dionysius
812 2545 956 2610 Halicarn.
986 2545 1018 2610 L.
1033 2545 1085 2610 lV.
1161 2545 1278 2607 Nomen

241 2697 244 2704 .
276 2645 365 2709 eiab
384 2643 455 2706 ulna
480 2643 566 2725 longa
585 2644 729 2719 inditum,
751 2646 877 2720 incujus
895 2645 1002 2712 ,vicinia
1026 2646 1053 2706 ἅ
1077 2642 1155 2706 locus
1193 2643 1279 2706 Alba.

276 2762 356 2819 nus,
375 2743 464 2806 hodie
485 2742 550 2826 logo
565 2743 594 2816 oli
614 2743 695 2824 castel
719 2739 874 2824 Gandolso‚
908 2747 936 2806 ἃ
961 2743 1100 2806 Albanum
1129 2757 1278 2820 praeterea

276 2861 379 2904 nemus
395 2841 457 2904 fuit·
489 2842 585 2918 Quam
605 2839 662 2903 late
692 2844 817 2920 patuerit
849 2841 957 2919 Albae,
980 2837 1110 2914 Albani,
1142 2840 1312 2918 Albaniue·

276 2959 385 3002 nomen
402 2940 478 3016 apud
500 2953 630 3015 veteres,
653 2959 742 3018 penes
774 2939 916 3003 Ortelium
934 2961 993 3003 uno
1018 2941 1121 3005 obtutu
1155 2939 1278 3002 videbis.

277 3039 412 3100 illontem
432 3037 575 3099 Albanum
605 3041 636 3100 in
662 3040 809 3101 Pannonia
842 3059 958 3119 quoque
981 3053 1063 3104 notat
1096 3037 1279 3101 Ptolemaeus

277 3136 310 3202 In
331 3135 368 3197 ll.
390 3154 428 3229 «ι.Ι
448 3155 493 3211 ις.
538 3138 575 3200 O.

669 3303 899 3388 Aventinus

316 3498 476 3580 Praeneste)
499 3519 524 3560 v·
542 3499 654 3580 Servius
667 3501 704 3562 ad
720 3499 832 3579 Virgilii
849 3501 922 3563 lien.
941 3499 971 3562 L.
991 3497 1056 3562 vll.
1068 3519 1095 3560 v.
1111 3504 1182 3568 682.
1198 3497 1283 3558 Proe-

274 3595 390 3678 nefleefl
411 3596 488 3655 locus
511 3597 588 3656 houd
603 3595 680 3681 longe
699 3599 735 3658 ob
757 3601 838 3675 urbe,
862 3599 947 3658 mous
965 3596 1015 3656 nini
1034 3595 1083 3654 uir
1109 3593 1217 3667 neiron,
1249 3597 1284 3656 id

274 3695 326 3778 est,
348 3695 383 3753 ab
402 3693 528 3770 ilicibus,
557 3717 624 3776 quae
646 3695 706 3756 illic
732 3699 881 3764 abundant.
906 3713 1045 3760 HESSEL.
1131 3695 1281 3758 Praeneste

275 3794 414 3871 oppidum
440 3795 470 3854 in
494 3810 595 3854 monte
623 3794 678 3857 luit
704 3797 824 3857 omnino
858 3798 963 3872 litum,
1008 3795 1085 3874 quod
1107 3793 1282 3869 velruderoi

275 3891 375 3968 templi
390 3891 553 3964 Fortunae,
573 3895 603 3953 in
622 3892 725 3968 quibus
739 3885 886 3957 detectum
906 3894 1021 3957 celebre
1039 3893 1199 3965 musivum,
1211 3910 1281 3952 con-

275 3991 399 4063 docem,
422 3990 503 4067 supro
526 3991 624 4054 urborn
647 3985 814 4053 hodiernum
839 3993 1013 4073 Paleflrinam
1035 3991 1153 4051 residua.
1188 3989 1216 4052 ls
1230 4007 1280 4047 au·
