<?xml version="1.0" encoding="UTF-8"?>
<!DOCTYPE html PUBLIC "-//W3C//DTD XHTML 1.0 Transitional//EN"
    "http://www.w3.org/TR/xhtml1/DTD/xhtml1-transitional.dtd">
<html xmlns="http://www.w3.org/1999/xhtml" xml:lang="en" lang="en">
 <head>
  <title>
</title>
<meta http-equiv="Content-Type" content="text/html;charset=utf-8" />
  <meta name='ocr-system' content='tesseract 3.04.00' />
  <meta name='ocr-capabilities' content='ocr_page ocr_carea ocr_par ocr_line ocrx_word'/>
</head>
<body>
  <div class='ocr_page' id='page_1' title='image "./vibiussequester01sequgoog_0098.png"; bbox 0 0 2798 4710; ppageno 0'>
   <div class='ocr_carea' id='block_1_1' title="bbox 243 287 1016 380">
    <p class='ocr_par' dir='ltr' id='par_1_1' title="bbox 243 287 1016 380">
     <span class='ocr_line' id='line_1_1' title="bbox 243 287 1016 380; baseline -0.004 0"><span class='ocrx_word' id='word_1_1' title='bbox 243 303 299 380; x_wconf 91' lang='lat'>60</span> <span class='ocrx_word' id='word_1_2' title='bbox 468 287 655 380; x_wconf 71' lang='lat' dir='ltr'>uorau</span> <span class='ocrx_word' id='word_1_3' title='bbox 706 309 1016 376; x_wconf 77' lang='lat' dir='ltr'>vnnrouum</span> 
     </span>
    </p>
   </div>
   <div class='ocr_carea' id='block_1_2' title="bbox 242 468 1235 1038">
    <p class='ocr_par' dir='ltr' id='par_1_2' title="bbox 242 468 1235 1038">
     <span class='ocr_line' id='line_1_2' title="bbox 244 468 1233 548; baseline 0.003 -11"><span class='ocrx_word' id='word_1_4' title='bbox 244 471 291 538; x_wconf 76' lang='lat' dir='ltr'>ss</span> <span class='ocrx_word' id='word_1_5' title='bbox 305 471 417 548; x_wconf 82' lang='lat' dir='ltr'>Afirrrs,</span> <span class='ocrx_word' id='word_1_6' title='bbox 436 473 478 535; x_wconf 88' lang='lat' dir='ltr'>uti</span> <span class='ocrx_word' id='word_1_7' title='bbox 493 470 652 534; x_wconf 84' lang='lat' dir='ltr'>observavit</span> <span class='ocrx_word' id='word_1_8' title='bbox 667 468 826 548; x_wconf 86' lang='lat' dir='ltr'>Lloydius;</span> <span class='ocrx_word' id='word_1_9' title='bbox 848 490 908 532; x_wconf 92' lang='lat' dir='ltr'>non</span> <span class='ocrx_word' id='word_1_10' title='bbox 922 472 1014 544; x_wconf 76' lang='lat' dir='ltr'>Acis,</span> <span class='ocrx_word' id='word_1_11' title='bbox 1031 473 1073 536; x_wconf 93' lang='lat' dir='ltr'>uti</span> <span class='ocrx_word' id='word_1_12' title='bbox 1092 475 1166 540; x_wconf 87' lang='lat' dir='ltr'>male</span> <span class='ocrx_word' id='word_1_13' title='bbox 1175 476 1233 540; x_wconf 84' lang='lat' dir='ltr'>Da·</span> 
     </span>
     <span class='ocr_line' id='line_1_3' title="bbox 244 566 1230 650; baseline 0.003 -19"><span class='ocrx_word' id='word_1_14' title='bbox 244 570 421 650; x_wconf 87' lang='lat' dir='ltr'>leohampius</span> <span class='ocrx_word' id='word_1_15' title='bbox 450 570 486 631; x_wconf 92' lang='lat' dir='ltr'>ad</span> <span class='ocrx_word' id='word_1_16' title='bbox 515 568 637 630; x_wconf 86' lang='lat' dir='ltr'>Plinium</span> <span class='ocrx_word' id='word_1_17' title='bbox 669 566 691 628; x_wconf 89' lang='lat' dir='ltr'>l.</span> <span class='ocrx_word' id='word_1_18' title='bbox 721 587 747 630; x_wconf 73' lang='lat' dir='ltr'>c·</span> <span class='ocrx_word' id='word_1_19' title='bbox 792 581 946 634; x_wconf 69' lang='lat' dir='ltr'>Gronov.</span> <span class='ocrx_word' id='word_1_20' title='bbox 1049 572 1108 638; x_wconf 90' lang='lat' dir='ltr'>Suo</span> <span class='ocrx_word' id='word_1_21' title='bbox 1151 593 1230 636; x_wconf 85' lang='lat' dir='ltr'>more</span> 
     </span>
     <span class='ocr_line' id='line_1_4' title="bbox 242 663 1231 749; baseline 0 -19"><span class='ocrx_word' id='word_1_22' title='bbox 242 667 308 731; x_wconf 89' lang='lat' dir='ltr'>heio</span> <span class='ocrx_word' id='word_1_23' title='bbox 328 669 419 733; x_wconf 89' lang='lat' dir='ltr'>rursus</span> <span class='ocrx_word' id='word_1_24' title='bbox 442 668 500 728; x_wconf 92' lang='lat' dir='ltr'>duo</span> <span class='ocrx_word' id='word_1_25' title='bbox 512 663 615 726; x_wconf 84' lang='lat' dir='ltr'>fluvios</span> <span class='ocrx_word' id='word_1_26' title='bbox 635 665 788 728; x_wconf 84' lang='lat' dir='ltr'>confundit</span> <span class='ocrx_word' id='word_1_27' title='bbox 803 666 903 729; x_wconf 81' lang='lat' dir='ltr'>noller.</span> <span class='ocrx_word' id='word_1_28' title='bbox 948 666 983 729; x_wconf 92' lang='lat' dir='ltr'>ln</span> <span class='ocrx_word' id='word_1_29' title='bbox 995 667 1143 732; x_wconf 83' lang='lat' dir='ltr'>Catanensr</span> <span class='ocrx_word' id='word_1_30' title='bbox 1164 691 1231 749; x_wconf 82' lang='lat' dir='ltr'>agro</span> 
     </span>
     <span class='ocr_line' id='line_1_5' title="bbox 243 761 1233 848; baseline 0.002 -20"><span class='ocrx_word' id='word_1_31' title='bbox 243 767 283 828; x_wconf 81' lang='lat' dir='ltr'>eli</span> <span class='ocrx_word' id='word_1_32' title='bbox 302 769 392 840; x_wconf 84' lang='lat' dir='ltr'><em>Acis,</em></span> <span class='ocrx_word' id='word_1_33' title='bbox 423 765 452 824; x_wconf 92' lang='lat' dir='ltr'>in</span> <span class='ocrx_word' id='word_1_34' title='bbox 472 761 567 824; x_wconf 88' lang='lat' dir='ltr'>littore</span> <span class='ocrx_word' id='word_1_35' title='bbox 591 764 834 826; x_wconf 83' lang='lat' dir='ltr'>Tauromenitano</span> <span class='ocrx_word' id='word_1_36' title='bbox 857 764 952 844; x_wconf 74' lang='lat' dir='ltr'>Asines</span> <span class='ocrx_word' id='word_1_37' title='bbox 976 766 1023 827; x_wconf 89' lang='lat' dir='ltr'>vel</span> <span class='ocrx_word' id='word_1_38' title='bbox 1049 769 1160 848; x_wconf 81' lang='lat' dir='ltr'>Afinius</span> <span class='ocrx_word' id='word_1_39' title='bbox 1185 767 1233 831; x_wconf 92' lang='lat' dir='ltr'>vel</span> 
     </span>
     <span class='ocr_line' id='line_1_6' title="bbox 242 858 1235 944; baseline 0.003 -17"><span class='ocrx_word' id='word_1_40' title='bbox 242 864 416 928; x_wconf 87' lang='lat' dir='ltr'>Ravennatis</span> <span class='ocrx_word' id='word_1_41' title='bbox 435 862 573 940; x_wconf 84' lang='lat' dir='ltr'>anonymi</span> <span class='ocrx_word' id='word_1_42' title='bbox 588 863 714 944; x_wconf 78' lang='lat' dir='ltr'>Afiguus.</span> <span class='ocrx_word' id='word_1_43' title='bbox 758 858 821 936; x_wconf 81' lang='lat' dir='ltr'>Jarn</span> <span class='ocrx_word' id='word_1_44' title='bbox 854 877 950 926; x_wconf 84' lang='lat' dir='ltr'>autern</span> <span class='ocrx_word' id='word_1_45' title='bbox 970 864 1235 930; x_wconf 84' lang='lat' dir='ltr'>Tauromeniuma</span> 
     </span>
     <span class='ocr_line' id='line_1_7' title="bbox 242 957 1234 1038; baseline 0.001 -12"><span class='ocrx_word' id='word_1_46' title='bbox 242 965 348 1026; x_wconf 86' lang='lat' dir='ltr'>Catana</span> <span class='ocrx_word' id='word_1_47' title='bbox 362 957 449 1020; x_wconf 87' lang='lat' dir='ltr'>millia</span> <span class='ocrx_word' id='word_1_48' title='bbox 467 958 597 1037; x_wconf 85' lang='lat' dir='ltr'>passuum</span> <span class='ocrx_word' id='word_1_49' title='bbox 611 961 724 1038; x_wconf 82' lang='lat' dir='ltr'>triginta</span> <span class='ocrx_word' id='word_1_50' title='bbox 743 960 864 1038; x_wconf 88' lang='lat' dir='ltr'>amplius</span> <span class='ocrx_word' id='word_1_51' title='bbox 885 963 990 1024; x_wconf 81' lang='lat' dir='ltr'>&amp;Acis</span> <span class='ocrx_word' id='word_1_52' title='bbox 1006 963 1042 1025; x_wconf 89' lang='lat' dir='ltr'>ab</span> <span class='ocrx_word' id='word_1_53' title='bbox 1059 965 1139 1026; x_wconf 83' lang='lat' dir='ltr'>nfine</span> <span class='ocrx_word' id='word_1_54' title='bbox 1154 969 1234 1027; x_wconf 72' lang='lat' dir='ltr'>osio-</span> 
     </span>
    </p>
   </div>
   <div class='ocr_carea' id='block_1_3' title="bbox 241 1049 1387 1138">
    <p class='ocr_par' dir='ltr' id='par_1_3' title="bbox 241 1049 1387 1138">
     <span class='ocr_line' id='line_1_8' title="bbox 241 1049 1387 1138; baseline -0.001 -14"><span class='ocrx_word' id='word_1_55' title='bbox 241 1059 335 1124; x_wconf 86' lang='lat' dir='ltr'>decim</span> <span class='ocrx_word' id='word_1_56' title='bbox 356 1057 467 1118; x_wconf 80' lang='lat' dir='ltr'>circiter</span> <span class='ocrx_word' id='word_1_57' title='bbox 487 1056 576 1118; x_wconf 83' lang='lat' dir='ltr'>distat.</span> <span class='ocrx_word' id='word_1_58' title='bbox 621 1057 747 1120; x_wconf 80' lang='lat' dir='ltr'>Asinium</span> <span class='ocrx_word' id='word_1_59' title='bbox 772 1058 958 1138; x_wconf 82' lang='lat' dir='ltr'>Thucydides</span> <span class='ocrx_word' id='word_1_60' title='bbox 988 1062 1019 1125; x_wconf 80' lang='lat' dir='ltr'>L.</span> <span class='ocrx_word' id='word_1_61' title='bbox 1045 1061 1094 1127; x_wconf 90' lang='lat' dir='ltr'>IV.</span> <span class='ocrx_word' id='word_1_62' title='bbox 1136 1085 1161 1126; x_wconf 89' lang='lat' dir='ltr'>c.</span> <span class='ocrx_word' id='word_1_63' title='bbox 1181 1082 1231 1136; x_wconf 68' lang='grc' dir='ltr'>ας.</span> <span class='ocrx_word' id='word_1_64' title='bbox 1272 1099 1276 1106; x_wconf 85' lang='grc'><em>·</em></span> <span class='ocrx_word' id='word_1_65' title='bbox 1386 1049 1387 1056; x_wconf 31' lang='lat'>¹</span> 
     </span>
    </p>
   </div>
   <div class='ocr_carea' id='block_1_4' title="bbox 179 1154 1231 1928">
    <p class='ocr_par' dir='ltr' id='par_1_4' title="bbox 179 1154 1231 1928">
     <span class='ocr_line' id='line_1_9' title="bbox 179 1154 1230 1235; baseline 0.005 -17"><span class='ocrx_word' id='word_1_66' title='bbox 179 1165 187 1176; x_wconf 78' lang='lat'>&#39;</span> <span class='ocrx_word' id='word_1_67' title='bbox 240 1158 374 1235; x_wconf 83' lang='lat' dir='ltr'>Acefinem</span> <span class='ocrx_word' id='word_1_68' title='bbox 394 1170 496 1226; x_wconf 88' lang='lat' dir='ltr'>vocat,</span> <span class='ocrx_word' id='word_1_69' title='bbox 514 1154 563 1216; x_wconf 93' lang='lat' dir='ltr'>ubi</span> <span class='ocrx_word' id='word_1_70' title='bbox 582 1168 695 1218; x_wconf 86' lang='lat' dir='ltr'>veretur</span> <span class='ocrx_word' id='word_1_71' title='bbox 717 1155 866 1218; x_wconf 84' lang='lat' dir='ltr'>Cluverius</span> <span class='ocrx_word' id='word_1_72' title='bbox 891 1158 947 1220; x_wconf 88' lang='lat' dir='ltr'>Sic.</span> <span class='ocrx_word' id='word_1_73' title='bbox 964 1159 1028 1220; x_wconf 81' lang='lat' dir='ltr'>Ant</span> <span class='ocrx_word' id='word_1_74' title='bbox 1059 1160 1090 1222; x_wconf 87' lang='lat' dir='ltr'>L.</span> <span class='ocrx_word' id='word_1_75' title='bbox 1107 1160 1129 1222; x_wconf 85' lang='lat' dir='ltr'>l.</span> <span class='ocrx_word' id='word_1_76' title='bbox 1151 1180 1176 1222; x_wconf 91' lang='lat' dir='ltr'>c.</span> <span class='ocrx_word' id='word_1_77' title='bbox 1201 1167 1230 1224; x_wconf 87' lang='lat'>6.</span> 
     </span>
     <span class='ocr_line' id='line_1_10' title="bbox 239 1253 1231 1336; baseline 0.004 -20"><span class='ocrx_word' id='word_1_78' title='bbox 239 1273 278 1316; x_wconf 85' lang='lat' dir='ltr'>ne</span> <span class='ocrx_word' id='word_1_79' title='bbox 297 1267 462 1332; x_wconf 86' lang='lat' dir='ltr'>corruptum</span> <span class='ocrx_word' id='word_1_80' title='bbox 476 1253 509 1316; x_wconf 86' lang='lat' dir='ltr'>stt</span> <span class='ocrx_word' id='word_1_81' title='bbox 524 1271 632 1314; x_wconf 89' lang='lat' dir='ltr'>numen</span> <span class='ocrx_word' id='word_1_82' title='bbox 652 1274 667 1314; x_wconf 94' lang='lat' dir='ltr'>a</span> <span class='ocrx_word' id='word_1_83' title='bbox 687 1253 827 1327; x_wconf 90' lang='lat' dir='ltr'>librariis,</span> <span class='ocrx_word' id='word_1_84' title='bbox 851 1256 997 1318; x_wconf 76' lang='lat' dir='ltr'>Acesinem</span> <span class='ocrx_word' id='word_1_85' title='bbox 1014 1275 1050 1317; x_wconf 88' lang='lat' dir='ltr'>ex</span> <span class='ocrx_word' id='word_1_86' title='bbox 1066 1259 1181 1336; x_wconf 82' lang='lat' dir='ltr'>Scythia</span> <span class='ocrx_word' id='word_1_87' title='bbox 1201 1261 1231 1320; x_wconf 81' lang='lat' dir='ltr'>dr</span> 
     </span>
     <span class='ocr_line' id='line_1_11' title="bbox 238 1350 1225 1430; baseline 0.003 -14"><span class='ocrx_word' id='word_1_88' title='bbox 238 1352 335 1424; x_wconf 89' lang='lat' dir='ltr'>Indis,</span> <span class='ocrx_word' id='word_1_89' title='bbox 358 1351 434 1428; x_wconf 85' lang='lat' dir='ltr'>apud</span> <span class='ocrx_word' id='word_1_90' title='bbox 447 1369 518 1430; x_wconf 90' lang='lat' dir='ltr'>quos</span> <span class='ocrx_word' id='word_1_91' title='bbox 539 1364 712 1414; x_wconf 87' lang='lat' dir='ltr'>memoratur</span> <span class='ocrx_word' id='word_1_92' title='bbox 730 1350 820 1413; x_wconf 84' lang='lat' dir='ltr'>Plinio</span> <span class='ocrx_word' id='word_1_93' title='bbox 839 1352 930 1416; x_wconf 83' lang='lat' dir='ltr'>LIV.</span> <span class='ocrx_word' id='word_1_94' title='bbox 949 1375 974 1417; x_wconf 93' lang='lat' dir='ltr'>c.</span> <span class='ocrx_word' id='word_1_95' title='bbox 996 1374 1041 1418; x_wconf 82' lang='lat'>12.</span> <span class='ocrx_word' id='word_1_96' title='bbox 1072 1359 1098 1417; x_wconf 79' lang='lat' dir='ltr'>dt</span> <span class='ocrx_word' id='word_1_97' title='bbox 1122 1356 1158 1420; x_wconf 62' lang='lat' dir='ltr'>L,</span> <span class='ocrx_word' id='word_1_98' title='bbox 1176 1357 1225 1419; x_wconf 92' lang='lat' dir='ltr'>Vl.</span> 
     </span>
     <span class='ocr_line' id='line_1_12' title="bbox 203 1448 1231 1532; baseline -0.002 -18"><span class='ocrx_word' id='word_1_99' title='bbox 203 1473 207 1480; x_wconf 91' lang='lat'><strong>·</strong></span> <span class='ocrx_word' id='word_1_100' title='bbox 238 1471 264 1514; x_wconf 88' lang='lat' dir='ltr'>c.</span> <span class='ocrx_word' id='word_1_101' title='bbox 282 1470 330 1514; x_wconf 83' lang='lat' dir='ltr'>co.</span> <span class='ocrx_word' id='word_1_102' title='bbox 345 1448 461 1528; x_wconf 86' lang='lat' dir='ltr'>aliisque</span> <span class='ocrx_word' id='word_1_103' title='bbox 473 1469 508 1511; x_wconf 97' lang='lat' dir='ltr'>eo</span> <span class='ocrx_word' id='word_1_104' title='bbox 525 1449 768 1516; x_wconf 80' lang='lat' dir='ltr'>transferentibus.</span> <span class='ocrx_word' id='word_1_105' title='bbox 800 1452 920 1510; x_wconf 71' lang='lat' dir='ltr'>caueam</span> <span class='ocrx_word' id='word_1_106' title='bbox 933 1451 1020 1513; x_wconf 89' lang='lat' dir='ltr'>hodie</span> <span class='ocrx_word' id='word_1_107' title='bbox 1037 1467 1155 1515; x_wconf 86' lang='lat' dir='ltr'>vocatur</span> <span class='ocrx_word' id='word_1_108' title='bbox 1166 1454 1231 1532; x_wconf 79' lang='lat' dir='ltr'>Afi-</span> 
     </span>
     <span class='ocr_line' id='line_1_13' title="bbox 238 1545 1229 1628; baseline 0.005 -20"><span class='ocrx_word' id='word_1_109' title='bbox 238 1549 323 1623; x_wconf 87' lang='lat' dir='ltr'>nius,</span> <span class='ocrx_word' id='word_1_110' title='bbox 346 1545 487 1610; x_wconf 82' lang='lat' dir='ltr'>sacellam</span> <span class='ocrx_word' id='word_1_111' title='bbox 506 1549 533 1609; x_wconf 77' lang='lat' dir='ltr'>dc</span> <span class='ocrx_word' id='word_1_112' title='bbox 552 1547 729 1610; x_wconf 88' lang='lat' dir='ltr'>Harduinam</span> <span class='ocrx_word' id='word_1_113' title='bbox 754 1547 773 1607; x_wconf 80' lang='lat' dir='ltr'>ss</span> <span class='ocrx_word' id='word_1_114' title='bbox 801 1550 918 1624; x_wconf 89' lang='lat' dir='ltr'>audias;</span> <span class='ocrx_word' id='word_1_115' title='bbox 950 1565 1034 1628; x_wconf 84' lang='lat' dir='ltr'>negat</span> <span class='ocrx_word' id='word_1_116' title='bbox 1061 1550 1229 1620; x_wconf 84' lang='lat' dir='ltr'>Cluverius,</span> 
     </span>
     <span class='ocr_line' id='line_1_14' title="bbox 231 1643 1230 1729; baseline 0.002 -25"><span class='ocrx_word' id='word_1_117' title='bbox 231 1643 420 1729; x_wconf 80' lang='lat' dir='ltr'>frigidumque</span> <span class='ocrx_word' id='word_1_118' title='bbox 442 1647 537 1724; x_wconf 91' lang='lat' dir='ltr'>potius</span> <span class='ocrx_word' id='word_1_119' title='bbox 551 1646 652 1722; x_wconf 83' lang='lat' dir='ltr'>flumen</span> <span class='ocrx_word' id='word_1_120' title='bbox 670 1647 727 1708; x_wconf 86' lang='lat' dir='ltr'>srve</span> <span class='ocrx_word' id='word_1_121' title='bbox 744 1644 768 1704; x_wconf 84' lang='lat' dir='ltr'>is</span> <span class='ocrx_word' id='word_1_122' title='bbox 779 1645 862 1723; x_wconf 77' lang='lat' dir='ltr'>fiune</span> <span class='ocrx_word' id='word_1_123' title='bbox 874 1643 974 1725; x_wconf 78' lang='lat' dir='ltr'>freddo</span> <span class='ocrx_word' id='word_1_124' title='bbox 991 1650 1148 1726; x_wconf 88' lang='lat' dir='ltr'>nuncupari</span> <span class='ocrx_word' id='word_1_125' title='bbox 1161 1668 1230 1710; x_wconf 81' lang='lat' dir='ltr'>oon.</span> 
     </span>
     <span class='ocr_line' id='line_1_15' title="bbox 239 1743 1230 1830; baseline 0.001 -23"><span class='ocrx_word' id='word_1_126' title='bbox 239 1747 349 1816; x_wconf 81' lang='lat' dir='ltr'>tendit,</span> <span class='ocrx_word' id='word_1_127' title='bbox 379 1747 406 1806; x_wconf 78' lang='lat' dir='ltr'>dr</span> <span class='ocrx_word' id='word_1_128' title='bbox 431 1744 575 1804; x_wconf 78' lang='lat' dir='ltr'>Cantatum</span> <span class='ocrx_word' id='word_1_129' title='bbox 609 1744 684 1806; x_wconf 90' lang='lat' dir='ltr'>Vibii</span> <span class='ocrx_word' id='word_1_130' title='bbox 705 1745 923 1807; x_wconf 89' lang='lat' dir='ltr'>Taurominium</span> <span class='ocrx_word' id='word_1_131' title='bbox 946 1743 1002 1808; x_wconf 88' lang='lat' dir='ltr'>else</span> <span class='ocrx_word' id='word_1_132' title='bbox 1022 1746 1138 1830; x_wconf 84' lang='lat' dir='ltr'>statuit,</span> <span class='ocrx_word' id='word_1_133' title='bbox 1159 1765 1230 1818; x_wconf 75' lang='lat' dir='ltr'>com,</span> 
     </span>
     <span class='ocr_line' id='line_1_16' title="bbox 239 1841 981 1928; baseline 0.005 -23"><span class='ocrx_word' id='word_1_134' title='bbox 239 1843 378 1909; x_wconf 80' lang='lat' dir='ltr'>sentiente</span> <span class='ocrx_word' id='word_1_135' title='bbox 393 1841 532 1908; x_wconf 88' lang='lat' dir='ltr'>Dorvillio</span> <span class='ocrx_word' id='word_1_136' title='bbox 550 1843 582 1907; x_wconf 88' lang='lat' dir='ltr'>in</span> <span class='ocrx_word' id='word_1_137' title='bbox 596 1841 696 1913; x_wconf 83' lang='lat' dir='ltr'>Siculis</span> <span class='ocrx_word' id='word_1_138' title='bbox 714 1842 750 1910; x_wconf 84' lang='lat' dir='ltr'>T.</span> <span class='ocrx_word' id='word_1_139' title='bbox 762 1841 786 1909; x_wconf 88' lang='lat'>1.</span> <span class='ocrx_word' id='word_1_140' title='bbox 805 1863 836 1928; x_wconf 79' lang='lat' dir='ltr'>p,</span> <span class='ocrx_word' id='word_1_141' title='bbox 851 1862 921 1923; x_wconf 80' lang='lat'>254.</span> <span class='ocrx_word' id='word_1_142' title='bbox 944 1845 981 1910; x_wconf 87' lang='lat'>0.</span> 
     </span>
    </p>
   </div>
   <div class='ocr_carea' id='block_1_5' title="bbox 659 2008 878 2096">
    <p class='ocr_par' dir='ltr' id='par_1_5' title="bbox 659 2008 878 2096">
     <span class='ocr_line' id='line_1_17' title="bbox 659 2008 878 2096; baseline 0.027 -6"><span class='ocrx_word' id='word_1_143' title='bbox 659 2008 797 2092; x_wconf 86' lang='lat' dir='ltr'>Ancus</span> <span class='ocrx_word' id='word_1_144' title='bbox 869 2088 878 2096; x_wconf 92' lang='lat'>.</span> 
     </span>
    </p>
   </div>
   <div class='ocr_carea' id='block_1_6' title="bbox 235 2199 1244 3263">
    <p class='ocr_par' dir='ltr' id='par_1_6' title="bbox 235 2199 1244 3263">
     <span class='ocr_line' id='line_1_18' title="bbox 279 2199 1228 2282; baseline -0.003 -15"><span class='ocrx_word' id='word_1_145' title='bbox 279 2201 431 2282; x_wconf 84' lang='lat' dir='ltr'>Duplicenr</span> <span class='ocrx_word' id='word_1_146' title='bbox 449 2199 645 2263; x_wconf 88' lang='lat' dir='ltr'>difficultatem</span> <span class='ocrx_word' id='word_1_147' title='bbox 663 2200 710 2262; x_wconf 91' lang='lat' dir='ltr'>hie</span> <span class='ocrx_word' id='word_1_148' title='bbox 726 2212 824 2262; x_wconf 86' lang='lat' dir='ltr'>movet</span> <span class='ocrx_word' id='word_1_149' title='bbox 845 2200 1120 2280; x_wconf 82' lang='lat' dir='ltr'>&amp;locidepravatio</span> <span class='ocrx_word' id='word_1_150' title='bbox 1137 2206 1228 2268; x_wconf 79' lang='lat' dir='ltr'>&amp;no-</span> 
     </span>
     <span class='ocr_line' id='line_1_19' title="bbox 237 2297 1233 2378; baseline 0.006 -16"><span class='ocrx_word' id='word_1_151' title='bbox 237 2302 348 2368; x_wconf 87' lang='lat' dir='ltr'>minum</span> <span class='ocrx_word' id='word_1_152' title='bbox 370 2299 544 2372; x_wconf 86' lang='lat' dir='ltr'>obscuritas,</span> <span class='ocrx_word' id='word_1_153' title='bbox 571 2318 642 2376; x_wconf 87' lang='lat' dir='ltr'>quae</span> <span class='ocrx_word' id='word_1_154' title='bbox 664 2297 706 2365; x_wconf 80' lang='lat' dir='ltr'>el.</span> <span class='ocrx_word' id='word_1_155' title='bbox 721 2298 921 2378; x_wconf 82' lang='lat' dir='ltr'>Lloydiuns&amp;</span> <span class='ocrx_word' id='word_1_156' title='bbox 946 2299 1016 2362; x_wconf 87' lang='lat' dir='ltr'>alios</span> <span class='ocrx_word' id='word_1_157' title='bbox 1040 2301 1075 2363; x_wconf 88' lang='lat' dir='ltr'>ab</span> <span class='ocrx_word' id='word_1_158' title='bbox 1095 2306 1233 2368; x_wconf 49' lang='lat' dir='ltr'>emendat</span> 
     </span>
     <span class='ocr_line' id='line_1_20' title="bbox 237 2397 1230 2480; baseline 0.002 -18"><span class='ocrx_word' id='word_1_159' title='bbox 237 2402 317 2462; x_wconf 91' lang='lat' dir='ltr'>tione</span> <span class='ocrx_word' id='word_1_160' title='bbox 332 2399 434 2462; x_wconf 87' lang='lat' dir='ltr'>horum</span> <span class='ocrx_word' id='word_1_161' title='bbox 463 2397 613 2458; x_wconf 88' lang='lat' dir='ltr'>verborum</span> <span class='ocrx_word' id='word_1_162' title='bbox 635 2397 854 2476; x_wconf 80' lang='lat' dir='ltr'>absterruerunt.</span> <span class='ocrx_word' id='word_1_163' title='bbox 909 2399 1093 2475; x_wconf 75' lang='lat' dir='ltr'>Conjetturas</span> <span class='ocrx_word' id='word_1_164' title='bbox 1124 2402 1230 2480; x_wconf 85' lang='lat' dir='ltr'>quales-</span> 
     </span>
     <span class='ocr_line' id='line_1_21' title="bbox 239 2496 1229 2590; baseline 0.003 -29"><span class='ocrx_word' id='word_1_165' title='bbox 239 2517 354 2577; x_wconf 81' lang='lat' dir='ltr'>cunque</span> <span class='ocrx_word' id='word_1_166' title='bbox 373 2515 450 2560; x_wconf 88' lang='lat' dir='ltr'>meas</span> <span class='ocrx_word' id='word_1_167' title='bbox 465 2496 641 2558; x_wconf 90' lang='lat' dir='ltr'>indicabo-</span> <span class='ocrx_word' id='word_1_168' title='bbox 659 2498 784 2576; x_wconf 86' lang='lat' dir='ltr'>primum</span> <span class='ocrx_word' id='word_1_169' title='bbox 800 2513 962 2577; x_wconf 85' lang='lat' dir='ltr'>corruptam</span> <span class='ocrx_word' id='word_1_170' title='bbox 978 2497 1032 2562; x_wconf 81' lang='lat' dir='ltr'>effe</span> <span class='ocrx_word' id='word_1_171' title='bbox 1043 2500 1229 2590; x_wconf 26' lang='lat' dir='ltr'>primant&#39;vo·</span> 
     </span>
     <span class='ocr_line' id='line_1_22' title="bbox 237 2594 1229 2678; baseline -0.001 -16"><span class='ocrx_word' id='word_1_172' title='bbox 237 2616 301 2662; x_wconf 85' lang='lat' dir='ltr'>cern</span> <span class='ocrx_word' id='word_1_173' title='bbox 317 2595 411 2661; x_wconf 90' lang='lat' dir='ltr'>nullus</span> <span class='ocrx_word' id='word_1_174' title='bbox 433 2594 550 2670; x_wconf 91' lang='lat' dir='ltr'>dubito,</span> <span class='ocrx_word' id='word_1_175' title='bbox 573 2615 640 2662; x_wconf 86' lang='lat' dir='ltr'>cum</span> <span class='ocrx_word' id='word_1_176' title='bbox 659 2597 746 2658; x_wconf 84' lang='lat' dir='ltr'>Aneci</span> <span class='ocrx_word' id='word_1_177' title='bbox 765 2616 851 2661; x_wconf 87' lang='lat' dir='ltr'>nemo</span> <span class='ocrx_word' id='word_1_178' title='bbox 867 2598 1103 2678; x_wconf 84' lang='lat' dir='ltr'>Geographorum</span> <span class='ocrx_word' id='word_1_179' title='bbox 1129 2602 1158 2661; x_wconf 91' lang='lat' dir='ltr'>in</span> <span class='ocrx_word' id='word_1_180' title='bbox 1180 2602 1229 2662; x_wconf 83' lang='lat' dir='ltr'>de-</span> 
     </span>
     <span class='ocr_line' id='line_1_23' title="bbox 236 2694 1227 2777; baseline -0.004 -13"><span class='ocrx_word' id='word_1_181' title='bbox 236 2696 390 2777; x_wconf 70' lang='lat' dir='ltr'>scriptione</span> <span class='ocrx_word' id='word_1_182' title='bbox 419 2694 528 2762; x_wconf 85' lang='lat' dir='ltr'>Sioiliae</span> <span class='ocrx_word' id='word_1_183' title='bbox 546 2695 632 2758; x_wconf 87' lang='lat' dir='ltr'>faciat</span> <span class='ocrx_word' id='word_1_184' title='bbox 651 2698 845 2774; x_wconf 68' lang='lat' dir='ltr'>mentionem</span> <span class='ocrx_word' id='word_1_185' title='bbox 877 2698 953 2760; x_wconf 89' lang='lat' dir='ltr'>unde</span> <span class='ocrx_word' id='word_1_186' title='bbox 985 2700 1098 2764; x_wconf 87' lang='lat' dir='ltr'>mutatis</span> <span class='ocrx_word' id='word_1_187' title='bbox 1119 2697 1227 2760; x_wconf 85' lang='lat' dir='ltr'>duabus</span> 
     </span>
     <span class='ocr_line' id='line_1_24' title="bbox 237 2794 1227 2871; baseline -0.011 -13"><span class='ocrx_word' id='word_1_188' title='bbox 237 2795 337 2859; x_wconf 88' lang='lat' dir='ltr'>litteris</span> <span class='ocrx_word' id='word_1_189' title='bbox 354 2795 472 2870; x_wconf 90' lang='lat' dir='ltr'>mediis,</span> <span class='ocrx_word' id='word_1_190' title='bbox 490 2794 647 2860; x_wconf 75' lang='lat' dir='ltr'>verosimile</span> <span class='ocrx_word' id='word_1_191' title='bbox 659 2797 730 2858; x_wconf 88' lang='lat' dir='ltr'>mihi</span> <span class='ocrx_word' id='word_1_192' title='bbox 747 2796 796 2870; x_wconf 88' lang='lat' dir='ltr'>fit,</span> <span class='ocrx_word' id='word_1_193' title='bbox 819 2797 1021 2859; x_wconf 89' lang='lat' dir='ltr'>restituendum</span> <span class='ocrx_word' id='word_1_194' title='bbox 1043 2794 1097 2854; x_wconf 89' lang='lat' dir='ltr'>else</span> <span class='ocrx_word' id='word_1_195' title='bbox 1113 2795 1227 2871; x_wconf 79' lang='lat' dir='ltr'>Anapus</span> 
     </span>
     <span class='ocr_line' id='line_1_25' title="bbox 237 2887 1244 2976; baseline -0.007 -19"><span class='ocrx_word' id='word_1_196' title='bbox 237 2895 284 2958; x_wconf 89' lang='lat' dir='ltr'>vel</span> <span class='ocrx_word' id='word_1_197' title='bbox 302 2900 432 2976; x_wconf 84' lang='lat' dir='ltr'>Anapos,</span> <span class='ocrx_word' id='word_1_198' title='bbox 455 2893 538 2956; x_wconf 84' lang='lat' dir='ltr'>autsr</span> <span class='ocrx_word' id='word_1_199' title='bbox 561 2896 667 2968; x_wconf 84' lang='lat' dir='ltr'>mavis,</span> <span class='ocrx_word' id='word_1_200' title='bbox 691 2898 827 2974; x_wconf 81' lang='lat' dir='ltr'>Anapus,</span> <span class='ocrx_word' id='word_1_201' title='bbox 861 2893 1024 2968; x_wconf 85' lang='lat' dir='ltr'>quodcum</span> <span class='ocrx_word' id='word_1_202' title='bbox 1045 2887 1244 2964; x_wconf 80' lang='lat' dir='ltr'>sequentihus¹</span> 
     </span>
     <span class='ocr_line' id='line_1_26' title="bbox 236 2985 1224 3072; baseline -0.003 -20"><span class='ocrx_word' id='word_1_203' title='bbox 236 3006 302 3068; x_wconf 88' lang='lat' dir='ltr'>apte</span> <span class='ocrx_word' id='word_1_204' title='bbox 317 2993 453 3057; x_wconf 84' lang='lat' dir='ltr'>convenit</span> <span class='ocrx_word' id='word_1_205' title='bbox 475 2994 502 3057; x_wconf 81' lang='lat' dir='ltr'>dr</span> <span class='ocrx_word' id='word_1_206' title='bbox 522 2991 577 3052; x_wconf 91' lang='lat' dir='ltr'>alio</span> <span class='ocrx_word' id='word_1_207' title='bbox 596 2990 722 3064; x_wconf 85' lang='lat' dir='ltr'>ejusdem</span> <span class='ocrx_word' id='word_1_208' title='bbox 745 2988 817 3050; x_wconf 87' lang='lat' dir='ltr'>Vibii</span> <span class='ocrx_word' id='word_1_209' title='bbox 833 2989 863 3051; x_wconf 90' lang='lat' dir='ltr'>in</span> <span class='ocrx_word' id='word_1_210' title='bbox 879 2986 996 3052; x_wconf 88' lang='lat' dir='ltr'>lacubus</span> <span class='ocrx_word' id='word_1_211' title='bbox 1016 2985 1102 3061; x_wconf 88' lang='lat' dir='ltr'>loco,</span> <span class='ocrx_word' id='word_1_212' title='bbox 1123 2985 1224 3072; x_wconf 76' lang='lat' dir='ltr'>Gyarae,</span> 
     </span>
     <span class='ocr_line' id='line_1_27' title="bbox 235 3084 1227 3168; baseline -0.012 -16"><span class='ocrx_word' id='word_1_213' title='bbox 235 3089 346 3165; x_wconf 88' lang='lat' dir='ltr'>inquit,</span> <span class='ocrx_word' id='word_1_214' title='bbox 369 3088 526 3166; x_wconf 81' lang='lat' dir='ltr'>Syracusis,</span> <span class='ocrx_word' id='word_1_215' title='bbox 545 3107 595 3166; x_wconf 80' lang='lat' dir='ltr'>prr</span> <span class='ocrx_word' id='word_1_216' title='bbox 608 3106 687 3166; x_wconf 86' lang='lat' dir='ltr'>quam</span> <span class='ocrx_word' id='word_1_217' title='bbox 702 3087 814 3164; x_wconf 78' lang='lat' dir='ltr'>Anapus</span> <span class='ocrx_word' id='word_1_218' title='bbox 830 3085 924 3164; x_wconf 84' lang='lat' dir='ltr'>tranfir</span> <span class='ocrx_word' id='word_1_219' title='bbox 934 3105 985 3165; x_wconf 84' lang='lat' dir='ltr'>per</span> <span class='ocrx_word' id='word_1_220' title='bbox 999 3084 1125 3168; x_wconf 80' lang='lat' dir='ltr'>Stygiam</span> <span class='ocrx_word' id='word_1_221' title='bbox 1143 3085 1227 3166; x_wconf 80' lang='lat' dir='ltr'>palu.</span> 
     </span>
     <span class='ocr_line' id='line_1_28' title="bbox 235 3180 1224 3263; baseline -0.001 -18"><span class='ocrx_word' id='word_1_222' title='bbox 235 3191 309 3259; x_wconf 77' lang='lat' dir='ltr'>dem,</span> <span class='ocrx_word' id='word_1_223' title='bbox 332 3185 379 3246; x_wconf 94' lang='lat' dir='ltr'>hic</span> <span class='ocrx_word' id='word_1_224' title='bbox 391 3185 467 3244; x_wconf 88' lang='lat' dir='ltr'>enim</span> <span class='ocrx_word' id='word_1_225' title='bbox 485 3184 576 3244; x_wconf 86' lang='lat' dir='ltr'>amnis</span> <span class='ocrx_word' id='word_1_226' title='bbox 588 3180 734 3261; x_wconf 81' lang='lat' dir='ltr'>Syracusas</span> <span class='ocrx_word' id='word_1_227' title='bbox 747 3181 985 3260; x_wconf 79' lang='lat' dir='ltr'>praeterlabitur,</span> <span class='ocrx_word' id='word_1_228' title='bbox 997 3185 1038 3244; x_wconf 94' lang='lat' dir='ltr'>uti</span> <span class='ocrx_word' id='word_1_229' title='bbox 1057 3184 1094 3243; x_wconf 91' lang='lat' dir='ltr'>ad</span> <span class='ocrx_word' id='word_1_230' title='bbox 1106 3182 1188 3263; x_wconf 92' lang='lat' dir='ltr'>ldyll.</span> <span class='ocrx_word' id='word_1_231' title='bbox 1201 3184 1224 3255; x_wconf 85' lang='grc' dir='ltr'>Ι.</span> 
     </span>
    </p>
   </div>
   <div class='ocr_carea' id='block_1_7' title="bbox 233 3279 1340 3458">
    <p class='ocr_par' dir='ltr' id='par_1_7' title="bbox 233 3279 1340 3458">
     <span class='ocr_line' id='line_1_29' title="bbox 236 3279 1324 3359; baseline -0.001 -12"><span class='ocrx_word' id='word_1_232' title='bbox 236 3283 385 3348; x_wconf 91' lang='lat' dir='ltr'>Theocriti</span> <span class='ocrx_word' id='word_1_233' title='bbox 401 3303 428 3345; x_wconf 90' lang='lat' dir='ltr'>v.</span> <span class='ocrx_word' id='word_1_234' title='bbox 449 3289 497 3352; x_wconf 87' lang='lat'>68.</span> <span class='ocrx_word' id='word_1_235' title='bbox 518 3282 625 3344; x_wconf 90' lang='lat' dir='ltr'>docent</span> <span class='ocrx_word' id='word_1_236' title='bbox 640 3293 816 3342; x_wconf 87' lang='lat' dir='ltr'>enarratores</span> <span class='ocrx_word' id='word_1_237' title='bbox 831 3282 940 3359; x_wconf 87' lang='lat' dir='ltr'>antiqui</span> <span class='ocrx_word' id='word_1_238' title='bbox 956 3279 1125 3344; x_wconf 80' lang='lat' dir='ltr'>&amp;helianus</span> <span class='ocrx_word' id='word_1_239' title='bbox 1143 3283 1176 3342; x_wconf 89' lang='lat' dir='ltr'>V.</span> <span class='ocrx_word' id='word_1_240' title='bbox 1189 3283 1226 3346; x_wconf 90' lang='lat' dir='ltr'>H.</span> <span class='ocrx_word' id='word_1_241' title='bbox 1321 3339 1324 3346; x_wconf 88' lang='lat'><em>.</em></span> 
     </span>
     <span class='ocr_line' id='line_1_30' title="bbox 233 3375 1340 3458; baseline -0.004 -12"><span class='ocrx_word' id='word_1_242' title='bbox 233 3382 267 3447; x_wconf 81' lang='lat' dir='ltr'>L</span> <span class='ocrx_word' id='word_1_243' title='bbox 283 3380 320 3443; x_wconf 89' lang='lat' dir='ltr'>ll.</span> <span class='ocrx_word' id='word_1_244' title='bbox 338 3375 370 3444; x_wconf 58' lang='lat' dir='ltr'>c,</span> <span class='ocrx_word' id='word_1_245' title='bbox 389 3396 438 3455; x_wconf 80' lang='lat'>32.</span> <span class='ocrx_word' id='word_1_246' title='bbox 456 3393 540 3458; x_wconf 87' lang='lat' dir='ltr'>atque</span> <span class='ocrx_word' id='word_1_247' title='bbox 559 3379 606 3441; x_wconf 90' lang='lat' dir='ltr'>alii</span> <span class='ocrx_word' id='word_1_248' title='bbox 624 3379 716 3442; x_wconf 89' lang='lat' dir='ltr'>multi.</span> <span class='ocrx_word' id='word_1_249' title='bbox 762 3381 851 3456; x_wconf 89' lang='lat' dir='ltr'>Quod</span> <span class='ocrx_word' id='word_1_250' title='bbox 866 3379 924 3442; x_wconf 91' lang='lat' dir='ltr'>hoc</span> <span class='ocrx_word' id='word_1_251' title='bbox 948 3380 1055 3442; x_wconf 88' lang='lat' dir='ltr'>flumen</span> <span class='ocrx_word' id='word_1_252' title='bbox 1073 3399 1158 3458; x_wconf 90' lang='lat' dir='ltr'>porro</span> <span class='ocrx_word' id='word_1_253' title='bbox 1175 3381 1227 3442; x_wconf 86' lang='lat' dir='ltr'>tria</span> <span class='ocrx_word' id='word_1_254' title='bbox 1330 3401 1340 3409; x_wconf 87' lang='lat'><strong>·</strong></span> 
     </span>
    </p>
   </div>
   <div class='ocr_carea' id='block_1_8' title="bbox 196 3477 1229 4053">
    <p class='ocr_par' dir='ltr' id='par_1_8' title="bbox 196 3477 1229 4053">
     <span class='ocr_line' id='line_1_31' title="bbox 197 3477 1227 3557; baseline -0.004 -15"><span class='ocrx_word' id='word_1_255' title='bbox 197 3483 200 3490; x_wconf 87' lang='lat'>&#39;</span> <span class='ocrx_word' id='word_1_256' title='bbox 234 3479 323 3543; x_wconf 89' lang='lat' dir='ltr'>habet</span> <span class='ocrx_word' id='word_1_257' title='bbox 337 3479 454 3542; x_wconf 90' lang='lat' dir='ltr'>nomina</span> <span class='ocrx_word' id='word_1_258' title='bbox 470 3497 522 3557; x_wconf 90' lang='lat' dir='ltr'>pro</span> <span class='ocrx_word' id='word_1_259' title='bbox 544 3479 679 3541; x_wconf 87' lang='lat' dir='ltr'>varietate</span> <span class='ocrx_word' id='word_1_260' title='bbox 701 3477 832 3541; x_wconf 88' lang='lat' dir='ltr'>locorum</span> <span class='ocrx_word' id='word_1_261' title='bbox 851 3479 899 3541; x_wconf 92' lang='lat' dir='ltr'>ubi</span> <span class='ocrx_word' id='word_1_262' title='bbox 912 3479 993 3554; x_wconf 87' lang='lat' dir='ltr'>fluit,</span> <span class='ocrx_word' id='word_1_263' title='bbox 1014 3479 1045 3540; x_wconf 92' lang='lat' dir='ltr'>id</span> <span class='ocrx_word' id='word_1_264' title='bbox 1061 3478 1227 3556; x_wconf 82' lang='lat' dir='ltr'>praeterVi·</span> 
     </span>
     <span class='ocr_line' id='line_1_32' title="bbox 196 3557 1228 3672; baseline -0.002 -31"><span class='ocrx_word' id='word_1_265' title='bbox 196 3572 202 3580; x_wconf 76' lang='grc'><strong><em>’</em></strong></span> <span class='ocrx_word' id='word_1_266' title='bbox 232 3579 313 3642; x_wconf 89' lang='lat' dir='ltr'>bium</span> <span class='ocrx_word' id='word_1_267' title='bbox 325 3576 444 3672; x_wconf 60' lang='lat' dir='ltr'>mullus,</span> <span class='ocrx_word' id='word_1_268' title='bbox 465 3576 542 3654; x_wconf 92' lang='lat' dir='ltr'>quod</span> <span class='ocrx_word' id='word_1_269' title='bbox 559 3557 661 3654; x_wconf 73' lang='lat' dir='ltr'>sciaris,</span> <span class='ocrx_word' id='word_1_270' title='bbox 684 3578 806 3639; x_wconf 88' lang='lat' dir='ltr'>monuit.</span> <span class='ocrx_word' id='word_1_271' title='bbox 838 3577 1017 3641; x_wconf 90' lang='lat' dir='ltr'>Vocabulum</span> <span class='ocrx_word' id='word_1_272' title='bbox 1050 3580 1112 3638; x_wconf 82' lang='lat' dir='ltr'>Ano</span> <span class='ocrx_word' id='word_1_273' title='bbox 1131 3597 1228 3640; x_wconf 87' lang='lat' dir='ltr'>corru-</span> 
     </span>
     <span class='ocr_line' id='line_1_33' title="bbox 232 3673 1229 3758; baseline -0.006 -19"><span class='ocrx_word' id='word_1_274' title='bbox 232 3690 318 3755; x_wconf 88' lang='lat' dir='ltr'>ptum</span> <span class='ocrx_word' id='word_1_275' title='bbox 339 3675 507 3739; x_wconf 87' lang='lat' dir='ltr'>crediderim</span> <span class='ocrx_word' id='word_1_276' title='bbox 525 3679 553 3737; x_wconf 77' lang='grc' dir='ltr'>δι</span> <span class='ocrx_word' id='word_1_277' title='bbox 573 3677 787 3738; x_wconf 89' lang='lat' dir='ltr'>emendandum</span> <span class='ocrx_word' id='word_1_278' title='bbox 803 3678 934 3758; x_wconf 77' lang='lat' dir='ltr'>Atropos,</span> <span class='ocrx_word' id='word_1_279' title='bbox 957 3691 990 3738; x_wconf 91' lang='lat' dir='ltr'>ut</span> <span class='ocrx_word' id='word_1_280' title='bbox 1008 3675 1090 3753; x_wconf 88' lang='lat' dir='ltr'>supra</span> <span class='ocrx_word' id='word_1_281' title='bbox 1105 3695 1114 3750; x_wconf 92' lang='lat'>;</span> <span class='ocrx_word' id='word_1_282' title='bbox 1144 3673 1229 3737; x_wconf 86' lang='lat' dir='ltr'>libra.</span> 
     </span>
     <span class='ocr_line' id='line_1_34' title="bbox 234 3771 1227 3852; baseline 0.002 -18"><span class='ocrx_word' id='word_1_283' title='bbox 234 3775 342 3836; x_wconf 86' lang='lat' dir='ltr'>riorum</span> <span class='ocrx_word' id='word_1_284' title='bbox 373 3793 467 3836; x_wconf 89' lang='lat' dir='ltr'>errore</span> <span class='ocrx_word' id='word_1_285' title='bbox 495 3773 672 3836; x_wconf 88' lang='lat' dir='ltr'>commissum</span> <span class='ocrx_word' id='word_1_286' title='bbox 697 3775 737 3835; x_wconf 82' lang='lat' dir='ltr'>eil</span> <span class='ocrx_word' id='word_1_287' title='bbox 761 3774 817 3837; x_wconf 94' lang='lat' dir='ltr'>hoc</span> <span class='ocrx_word' id='word_1_288' title='bbox 840 3776 998 3848; x_wconf 89' lang='lat' dir='ltr'>mendum,</span> <span class='ocrx_word' id='word_1_289' title='bbox 1020 3775 1068 3852; x_wconf 91' lang='lat' dir='ltr'>qui</span> <span class='ocrx_word' id='word_1_290' title='bbox 1095 3771 1227 3836; x_wconf 85' lang='lat' dir='ltr'>ultimam</span> 
     </span>
     <span class='ocr_line' id='line_1_35' title="bbox 235 3870 1225 3954; baseline 0.002 -21"><span class='ocrx_word' id='word_1_291' title='bbox 235 3870 395 3950; x_wconf 89' lang='lat' dir='ltr'>syllabam,</span> <span class='ocrx_word' id='word_1_292' title='bbox 419 3885 534 3952; x_wconf 91' lang='lat' dir='ltr'>propter</span> <span class='ocrx_word' id='word_1_293' title='bbox 551 3872 762 3934; x_wconf 78' lang='lat' dir='ltr'>similitudinem</span> <span class='ocrx_word' id='word_1_294' title='bbox 774 3893 840 3934; x_wconf 82' lang='lat' dir='ltr'>cunr</span> <span class='ocrx_word' id='word_1_295' title='bbox 857 3874 957 3936; x_wconf 90' lang='lat' dir='ltr'>vocula</span> <span class='ocrx_word' id='word_1_296' title='bbox 970 3873 1046 3954; x_wconf 79' lang='lat' dir='ltr'>pusi,</span> <span class='ocrx_word' id='word_1_297' title='bbox 1062 3872 1225 3935; x_wconf 88' lang='lat' dir='ltr'>omiserunt.</span> 
     </span>
     <span class='ocr_line' id='line_1_36' title="bbox 238 3968 1229 4053; baseline -0.004 -20"><span class='ocrx_word' id='word_1_298' title='bbox 238 3969 332 4034; x_wconf 85' lang='lat' dir='ltr'>Primo</span> <span class='ocrx_word' id='word_1_299' title='bbox 351 3971 435 4048; x_wconf 85' lang='lat' dir='ltr'>igitur</span> <span class='ocrx_word' id='word_1_300' title='bbox 450 3968 577 4033; x_wconf 90' lang='lat' dir='ltr'>absolute</span> <span class='ocrx_word' id='word_1_301' title='bbox 591 3973 703 4053; x_wconf 78' lang='lat' dir='ltr'>Atropos</span> <span class='ocrx_word' id='word_1_302' title='bbox 718 3971 897 4051; x_wconf 85' lang='lat' dir='ltr'>appellatur,</span> <span class='ocrx_word' id='word_1_303' title='bbox 913 3973 974 4052; x_wconf 87' lang='lat' dir='ltr'>post</span> <span class='ocrx_word' id='word_1_304' title='bbox 991 3973 1103 4052; x_wconf 82' lang='lat' dir='ltr'>Anapos</span> <span class='ocrx_word' id='word_1_305' title='bbox 1112 3989 1229 4032; x_wconf 80' lang='lat' dir='ltr'>carnos.-</span> 
     </span>
    </p>
   </div>
   <div class='ocr_carea' id='block_1_9' title="bbox 0 0 1404 4710">
    <p class='ocr_par' dir='ltr' id='par_1_9' title="bbox 0 0 1404 4710">
     <span class='ocr_line' id='line_1_37' title="bbox 0 0 1404 4710; baseline 0 4"><span class='ocrx_word' id='word_1_306' title='bbox 0 0 1404 4710; x_wconf 95' lang='lat' dir='ltr'> </span> 
     </span>
    </p>
   </div>
  </div>
 </body>
</html>
