2780 4712
339 339 344 348 '
398 338 826 454 aDJ-rtunrturi'·
1023 359 1094 427 ιη

102 503 157 578 ubi
174 511 266 591 ipibnt
290 501 493 587 Stymphalurn
515 508 654 585 flurium,
677 529 767 590 quunr
798 500 1037 592 per²'cuniculum
1070 513 1102 586 in

102 612 238 691 argonna
257 609 402 686 erumpo,
427 607 571 670 nannum
596 609 734 687 apperun
760 601 863 677 rauba
878 623 881 632 ¹
896 618 934 683 0.
1017 621 1103 682 Ean-

103 701 342 786 itu's'Pomponio
358 705 453 769 Melae
473 717 645 770 memoratur
662 709 692 770 L.
711 710 748 775 11.
780 719 807 776 c'.
832 721 858 792 3.
882 716 905 776 is
931 718 961 777 in
986 721 1104 781 Arcadia

103 811 143 871 ad
168 806 399 888 stymphalidem
421 819 508 868 ortus.
535 825 563 868 v.
581 805 683 880 Strabo
699 809 731 872 L.
755 809 835 874 v111.
852 811 863 872 l
880 833 904 874 c.
942 813 1047 878 Plinius
1068 817 1099 878 L.

103 908 142 970 ll.
166 927 193 970 c.
215 925 281 983 ¹03·
310 907 341 968 L.
360 903 408 967 lv.
434 925 460 967 c.
480 927 507 978 ς.
551 906 673 967 Atticam
702 927 817 987 quoque
844 913 963 990 exiguus
996 914 1103 995 rigabat

104 1005 228 1083 fluvius,
246 1004 352 1069 Erairni
373 1005 499 1068 nomine.
545 1021 571 1068 s.
593 1018 711 1068 onorx.
1101 1007 1104 1016 '

496 1228 508 1252 ι
559 1183 647 1269 Ena

149 1395 238 1458 Esrrnn
256 1409 342 1476 atque
366 1393 469 1459 Isaram
495 1399 620 1460 eundem
641 1409 744 1478 putant
759 1397 822 1462 effe.
878 1403 921 1466 td
951 1405 1008 1468 hoc
1033 1405 1102 1471 facit

108 1492 271 1559 Antoninus
295 1497 356 1558 itin.
375 1516 457 1575 prov.
478 1516 542 1574 pag.
567 1510 632 1575 384.

117 1585 122 1592 ⁵
314 1593 380 1654 Item
405 1618 424 1654 a
449 1593 640 1678 Caesaromago

209 1765 214 1776 „
280 1771 284 1776 ἡ
315 1694 451 1753 Lutetiam
478 1688 559 1774 usque
585 1697 628 1754 M.
648 1693 683 1756 P.
708 1693 827 1756 Xttfl.
856 1695 893 1758 fit

314 1791 555 1853 Petromantalium
587 1791 629 1854 M.
661 1791 691 1858 P.
718 1789 828 1854 XVIII.

315 1889 518 1965 Brivar'tt'Jaram
553 1888 596 1952 M.
621 1889 652 1951 P·
676 1889 774 1953 XIIII·
883 1877 886 1885 ²

284 1981 293 2020 ⁸
316 1989 452 2050 Lutetiam
479 1990 521 2052 III.
545 1989 574 2052 P,
608 1987 674 2050 XV.

108 2089 158 2152 ubi
181 2081 381 2162 Brioanifiaram
410 2087 631 2164 interpretantur
649 2085 760 2147 Brivam
781 2083 884 2172 Ij'arae.
930 2087 1029 2171 Itaque
1044 2109 1104 2154 non

107 2209 181 2266 opus
201 2187 241 2248 est
268 2188 430 2262 conjectura
452 2185 580 2262 SImleri,
603 2186 683 2247 forte
704 2186 782 2266 Arfis
805 2185 916 2246 Galliae
931 2189 1061 2248 Sanamem
1075 2191 1105 2250 in

106 2286 283 2356 Adriaticum
308 2285 383 2362 fluit.
456 2285 580 2364 Papirius
620 2281 766 2348 Matienus
793 2283 882 2346 deser.
907 2283 999 2354 Flam.
1030 2287 1104 2350 Gall.
1215 2289 1217 2294 ’

107 2407 165 2466 qua
185 2369 288 2447 franel
300 2383 339 2444 est
363 2402 426 2463 pag.
451 2403 519 2446 nrt.
536 2397 589 2462 pru
610 2385 673 2463 Esar
690 2383 760 2461 legit
780 2384 857 2464 apud
877 2381 999 2464 ¹lliqum
1028 2385 1109 2464 Λίβα,

109 2487 136 2548 &
153 2484 246 2563 raflur'r
263 2502 314 2561 pro
324 2483 399 2560 fluit.
424 2499 560 2546 uussuu.
646 2483 712 2562 Esra
729 2479 777 2542 vel
794 2481 889 2558 Oefia,
912 2483 961 2560 qui
976 2485 1003 2545 &
1016 2476 1106 2557 Isara,

108 2584 272 2648 infunditur
300 2583 444 2660 Sequanae
463 2567 626 2659 nomenque
643 2593 724 2641 vetus
741 2576 1030 2655 refert,dic“tus0ise.
1050 2595 1107 2641 RE·

109 2697 212 2745 tant).
243 2729 249 2742 ,
294 2681 371 2743 Erae
386 2681 431 2743 vel
442 2681 547 2766 Oeirael
559 2698 666 2741 nomen
678 2681 788 2758 ignorat
798 2676 938 2740 cellarius
954 2679 985 2737 in
1001 2677 1104 2754 Geogr.

111 2773 175 2846 lint.
196 2795 297 2842 contra
315 2765 422 2841 ‘Isaram
438 2781 506 2842 citat
534 2799 570 2840 ex
592 2778 649 2840 hoc
675 2777 824 2841 Fortunati
849 2775 930 2838 versu
960 2795 1048 2840 carm.
1075 2795 1105 2848 4.

111 2878 144 2942 L.
164 2877 230 2940 VII.
255 2877 292 2939 ad
308 2879 459 2955 Gogonem
479 2897 487 2942 τ

191 2983 288 3076 Iſsara,
305 2975 403 3067 Sara,
426 2992 543 3066 Chares,
568 2987 696 3067 Scaldis,
712 2990 806 3059 Saba,
827 2991 959 3064 Samarra,
975 2991 1048 3051 Sura

109 3105 196 3180 apuu
212 3124 300 3183 quenr
321 3120 448 3168 veterum
470 3125 578 3168 nomen
601 3104 678 3168 Esaae
698 3103 745 3168 vel
763 3102 864 3166 Oesrae
889 3117 1036 3178 occurrat,
1064 3103 1109 3166 di·
1134 3108 1137 3114 '

108 3201 299 3279 spiciendunn
344 3201 446 3282 Neque
462 3208 539 3266 eninr
556 3199 632 3266 ¹heic
651 3223 667 3265 a
689 3223 735 3264 me
761 3203 900 3281 impetr0,
928 3205 998 3281 quin
1021 3203 1110 3266 ado-

108 3298 232 3362 euffimo
253 3302 433 3372 D'rlnvillio,
455 3323 540 3380 quent
548 3303 788 3382 ·Geographorum
808 3302 918 3364 nostrae
947 3302 1045 3366 aetatis
1068 3301 1110 3364 fa.

108 3397 165 3462 cile
178 3400 340 3478 principem
362 3403 489 3476 dixeris,
504 3401 671 3468 dissentiam.
715 3402 743 3464 Is
754 3403 783 3472 in
796 3387 955 3470 Noticeue
974 3401 1001 3463 la
1018 3401 1111 3464 Gaule

105 3515 139 3573 p.
164 3509 233 3574 388.
257 3499 342 3570 ‚bunt
362 3500 437 3561 Vibii
456 3501 607 3566 articulum
630 3500 703 3562 male
726 3499 839 3563 sedulae
855 3499 1034 3564 librariorum
1057 3499 1111 3561 ho-

103 3597 232 3668 minum,
249 3599 408 3675 posterioris
428 3603 491 3670 aevi
504 3617 587 3662 curae
600 3599 698 3662 deberi
720 3598 881 3676 sospitatur.
929 3598 1033 3661 Verum
1046 3594 1110 3674 plu-

101 3695 188 3760 ribus
207 3695 270 3761 aliis
290 3697 359 3762 iocis
382 3701 486 3762 accidit
503 3699 622 3772 nostro,
645 3715 677 3761 ut
692 3700 809 3762 nomina
824 3698 995 3768 fluviorum,
1016 3692 1115 3772 qualia

101 3794 220 3856 ultimis
239 3795 361 3858 Romani
379 3800 490 3875 imperii
507 3797 622 3862 saeculis
634 3796 803 3873 obtinuere,
817 3791 1021 3873 antiquioribus
1045 3791 1111 3856 sub·

99 3893 227 3966 stituat,
262 3893 310 3954 etti
334 3897 411 3972 apud
436 3898 506 3959 alios
538 3894 687 3974 scriptores
716 3897 793 3960 haud
824 3895 919 3960 obvias
976 3893 1046 3968 Ejus
1068 3894 1126 3984 rei¹

99 3988 245 4074 exernpla
261 3992 293 4052 in
318 3992 437 4058 cernito
466 4013 550 4076 atque
578 3997 700 4059 talilino
730 3995 813 4074 supra
843 3993 1086 4076 suppeditavimua
1100 4037 1114 4070 ,.
