<?xml version="1.0" encoding="UTF-8"?>
<!DOCTYPE html PUBLIC "-//W3C//DTD XHTML 1.0 Transitional//EN"
    "http://www.w3.org/TR/xhtml1/DTD/xhtml1-transitional.dtd">
<html xmlns="http://www.w3.org/1999/xhtml" xml:lang="en" lang="en">
 <head>
  <title>
</title>
<meta http-equiv="Content-Type" content="text/html;charset=utf-8" />
  <meta name='ocr-system' content='tesseract 3.04.00' />
  <meta name='ocr-capabilities' content='ocr_page ocr_carea ocr_par ocr_line ocrx_word'/>
</head>
<body>
  <div class='ocr_page' id='page_1' title='image "./vibiussequester01sequgoog_0192.png"; bbox 0 0 2830 4716; ppageno 0'>
   <div class='ocr_carea' id='block_1_1' title="bbox 276 345 1042 440">
    <p class='ocr_par' dir='ltr' id='par_1_1' title="bbox 276 345 1042 440">
     <span class='ocr_line' id='line_1_1' title="bbox 276 345 1042 440; baseline 0.016 -35"><span class='ocrx_word' id='word_1_1' title='bbox 276 358 355 440; x_wconf 76' lang='lat'>¹54</span> <span class='ocrx_word' id='word_1_2' title='bbox 486 345 670 406; x_wconf 76' lang='lat' dir='ltr'>Nom</span> <span class='ocrx_word' id='word_1_3' title='bbox 726 345 1042 417; x_wconf 70' lang='lat' dir='ltr'>VARIORUM</span> 
     </span>
    </p>
   </div>
   <div class='ocr_carea' id='block_1_2' title="bbox 237 503 1273 1288">
    <p class='ocr_par' dir='ltr' id='par_1_2' title="bbox 237 503 1273 1288">
     <span class='ocr_line' id='line_1_2' title="bbox 237 503 1273 596; baseline -0.004 -24"><span class='ocrx_word' id='word_1_4' title='bbox 237 535 256 572; x_wconf 77' lang='grc' dir='ltr'><strong><em>ο</em></strong></span> <span class='ocrx_word' id='word_1_5' title='bbox 269 521 357 590; x_wconf 87' lang='lat' dir='ltr'>atque</span> <span class='ocrx_word' id='word_1_6' title='bbox 378 507 477 572; x_wconf 88' lang='lat' dir='ltr'>Oaxus</span> <span class='ocrx_word' id='word_1_7' title='bbox 492 505 567 570; x_wconf 75' lang='lat' dir='ltr'>droa</span> <span class='ocrx_word' id='word_1_8' title='bbox 581 503 652 578; x_wconf 88' lang='lat' dir='ltr'>fuit,</span> <span class='ocrx_word' id='word_1_9' title='bbox 675 505 921 582; x_wconf 84' lang='lat' dir='ltr'>quemadmodum</span> <span class='ocrx_word' id='word_1_10' title='bbox 941 507 989 576; x_wconf 88' lang='lat' dir='ltr'>vel</span> <span class='ocrx_word' id='word_1_11' title='bbox 1013 509 1060 575; x_wconf 70' lang='lat' dir='ltr'>vie</span> <span class='ocrx_word' id='word_1_12' title='bbox 1079 509 1206 590; x_wconf 56' lang='lat' dir='ltr'>dagli&amp;</span> <span class='ocrx_word' id='word_1_13' title='bbox 1222 537 1273 596; x_wconf 67' lang='lat' dir='ltr'>ap.</span> 
     </span>
     <span class='ocr_line' id='line_1_3' title="bbox 269 601 1271 691; baseline 0.007 -20"><span class='ocrx_word' id='word_1_14' title='bbox 269 607 405 690; x_wconf 89' lang='lat' dir='ltr'>pellatio,</span> <span class='ocrx_word' id='word_1_15' title='bbox 417 605 494 682; x_wconf 88' lang='lat' dir='ltr'>apud</span> <span class='ocrx_word' id='word_1_16' title='bbox 507 604 639 686; x_wconf 87' lang='lat' dir='ltr'>antiquos</span> <span class='ocrx_word' id='word_1_17' title='bbox 660 601 780 668; x_wconf 87' lang='lat' dir='ltr'>subinde</span> <span class='ocrx_word' id='word_1_18' title='bbox 798 625 968 684; x_wconf 86' lang='lat' dir='ltr'>occurrens,</span> <span class='ocrx_word' id='word_1_19' title='bbox 984 607 1035 670; x_wconf 90' lang='lat' dir='ltr'>tibi</span> <span class='ocrx_word' id='word_1_20' title='bbox 1054 609 1143 674; x_wconf 87' lang='lat' dir='ltr'>debet</span> <span class='ocrx_word' id='word_1_21' title='bbox 1162 615 1271 691; x_wconf 80' lang='lat' dir='ltr'>perlua-</span> 
     </span>
     <span class='ocr_line' id='line_1_4' title="bbox 270 701 1272 787; baseline 0.005 -22"><span class='ocrx_word' id='word_1_22' title='bbox 270 708 358 783; x_wconf 64' lang='lat' dir='ltr'>dorm</span> <span class='ocrx_word' id='word_1_23' title='bbox 381 706 450 786; x_wconf 90' lang='lat' dir='ltr'>quin</span> <span class='ocrx_word' id='word_1_24' title='bbox 471 704 561 765; x_wconf 88' lang='lat' dir='ltr'>Oxim</span> <span class='ocrx_word' id='word_1_25' title='bbox 580 702 702 764; x_wconf 91' lang='lat' dir='ltr'>omnino</span> <span class='ocrx_word' id='word_1_26' title='bbox 722 701 834 782; x_wconf 86' lang='lat' dir='ltr'>aliquos</span> <span class='ocrx_word' id='word_1_27' title='bbox 850 705 949 768; x_wconf 84' lang='lat' dir='ltr'>dixille</span> <span class='ocrx_word' id='word_1_28' title='bbox 966 707 1059 774; x_wconf 82' lang='lat' dir='ltr'>Oxiae</span> <span class='ocrx_word' id='word_1_29' title='bbox 1082 709 1194 787; x_wconf 86' lang='lat' dir='ltr'>paludis</span> <span class='ocrx_word' id='word_1_30' title='bbox 1219 733 1272 774; x_wconf 71' lang='lat' dir='ltr'>no</span> 
     </span>
     <span class='ocr_line' id='line_1_5' title="bbox 268 800 1271 888; baseline 0.006 -20"><span class='ocrx_word' id='word_1_31' title='bbox 268 825 356 879; x_wconf 86' lang='lat' dir='ltr'>rnen,</span> <span class='ocrx_word' id='word_1_32' title='bbox 380 801 458 881; x_wconf 92' lang='lat' dir='ltr'>quod</span> <span class='ocrx_word' id='word_1_33' title='bbox 480 800 531 865; x_wconf 90' lang='lat' dir='ltr'>tibi</span> <span class='ocrx_word' id='word_1_34' title='bbox 548 819 596 862; x_wconf 89' lang='lat' dir='ltr'>me</span> <span class='ocrx_word' id='word_1_35' title='bbox 613 803 690 877; x_wconf 92' lang='lat' dir='ltr'>apud</span> <span class='ocrx_word' id='word_1_36' title='bbox 707 815 816 868; x_wconf 82' lang='lat' dir='ltr'>veteres</span> <span class='ocrx_word' id='word_1_37' title='bbox 831 803 927 882; x_wconf 80' lang='lat' dir='ltr'>legille</span> <span class='ocrx_word' id='word_1_38' title='bbox 949 825 1003 884; x_wconf 94' lang='lat' dir='ltr'>pro</span> <span class='ocrx_word' id='word_1_39' title='bbox 1022 823 1101 872; x_wconf 85' lang='lat' dir='ltr'>certo</span> <span class='ocrx_word' id='word_1_40' title='bbox 1119 812 1271 888; x_wconf 86' lang='lat' dir='ltr'>confirmo,</span> 
     </span>
     <span class='ocr_line' id='line_1_6' title="bbox 267 901 1271 983; baseline 0.01 -20"><span class='ocrx_word' id='word_1_41' title='bbox 267 905 370 983; x_wconf 58' lang='lat' dir='ltr'>arguite</span> <span class='ocrx_word' id='word_1_42' title='bbox 415 902 519 967; x_wconf 84' lang='lat' dir='ltr'>Oaxim</span> <span class='ocrx_word' id='word_1_43' title='bbox 532 917 602 962; x_wconf 90' lang='lat' dir='ltr'>vero</span> <span class='ocrx_word' id='word_1_44' title='bbox 621 901 745 979; x_wconf 87' lang='lat' dir='ltr'>denique</span> <span class='ocrx_word' id='word_1_45' title='bbox 764 921 817 980; x_wconf 89' lang='lat' dir='ltr'>pro</span> <span class='ocrx_word' id='word_1_46' title='bbox 837 904 940 979; x_wconf 85' lang='lat' dir='ltr'>Oxirn&#39;,</span> <span class='ocrx_word' id='word_1_47' title='bbox 957 923 994 966; x_wconf 95' lang='lat' dir='ltr'>ne</span> <span class='ocrx_word' id='word_1_48' title='bbox 1009 907 1114 972; x_wconf 90' lang='lat' dir='ltr'>iterum</span> <span class='ocrx_word' id='word_1_49' title='bbox 1139 911 1271 973; x_wconf 85' lang='lat' dir='ltr'>adverlbs</span> 
     </span>
     <span class='ocr_line' id='line_1_7' title="bbox 268 1000 1270 1084; baseline 0.003 -17"><span class='ocrx_word' id='word_1_50' title='bbox 268 1001 506 1072; x_wconf 82' lang='lat' dir='ltr'>commoditatem</span> <span class='ocrx_word' id='word_1_51' title='bbox 528 1000 681 1063; x_wconf 81' lang='lat' dir='ltr'>decurrere</span> <span class='ocrx_word' id='word_1_52' title='bbox 703 1000 814 1062; x_wconf 84' lang='lat' dir='ltr'>necelle</span> <span class='ocrx_word' id='word_1_53' title='bbox 838 1002 888 1077; x_wconf 89' lang='lat' dir='ltr'>lrt,</span> <span class='ocrx_word' id='word_1_54' title='bbox 920 1003 1007 1067; x_wconf 87' lang='lat' dir='ltr'>etiarn</span> <span class='ocrx_word' id='word_1_55' title='bbox 1043 1004 1147 1070; x_wconf 83' lang='lat' dir='ltr'>Plinius</span> <span class='ocrx_word' id='word_1_56' title='bbox 1175 1009 1270 1084; x_wconf 76' lang='lat' dir='ltr'>dixit,</span> 
     </span>
     <span class='ocr_line' id='line_1_8' title="bbox 267 1099 1272 1184; baseline 0.008 -17"><span class='ocrx_word' id='word_1_57' title='bbox 267 1103 345 1182; x_wconf 85' lang='lat' dir='ltr'>apud</span> <span class='ocrx_word' id='word_1_58' title='bbox 361 1120 446 1179; x_wconf 90' lang='lat' dir='ltr'>quem</span> <span class='ocrx_word' id='word_1_59' title='bbox 473 1099 552 1163; x_wconf 88' lang='lat' dir='ltr'>lacus</span> <span class='ocrx_word' id='word_1_60' title='bbox 574 1100 674 1161; x_wconf 83' lang='lat' dir='ltr'>Oaxus</span> <span class='ocrx_word' id='word_1_61' title='bbox 690 1099 757 1174; x_wconf 92' lang='lat' dir='ltr'>ille,</span> <span class='ocrx_word' id='word_1_62' title='bbox 779 1100 828 1178; x_wconf 92' lang='lat' dir='ltr'>qui</span> <span class='ocrx_word' id='word_1_63' title='bbox 844 1103 921 1162; x_wconf 90' lang='lat' dir='ltr'>amni</span> <span class='ocrx_word' id='word_1_64' title='bbox 939 1103 1036 1164; x_wconf 87' lang='lat' dir='ltr'>nostro</span> <span class='ocrx_word' id='word_1_65' title='bbox 1064 1123 1117 1184; x_wconf 92' lang='lat' dir='ltr'>pro</span> <span class='ocrx_word' id='word_1_66' title='bbox 1142 1105 1272 1174; x_wconf 73' lang='lat' dir='ltr'>fonubue</span> 
     </span>
     <span class='ocr_line' id='line_1_9' title="bbox 267 1197 1172 1288; baseline 0.006 -25"><span class='ocrx_word' id='word_1_67' title='bbox 267 1202 324 1278; x_wconf 83' lang='lat' dir='ltr'>est,</span> <span class='ocrx_word' id='word_1_68' title='bbox 350 1197 517 1278; x_wconf 86' lang='lat' dir='ltr'>appellatur.</span> <span class='ocrx_word' id='word_1_69' title='bbox 584 1211 717 1268; x_wconf 69' lang='lat' dir='ltr'>lsaulus</span> <span class='ocrx_word' id='word_1_70' title='bbox 738 1198 767 1258; x_wconf 80' lang='lat' dir='ltr'>iu</span> <span class='ocrx_word' id='word_1_71' title='bbox 782 1199 891 1288; x_wconf 58' lang='lat' dir='ltr'>epistola</span> <span class='ocrx_word' id='word_1_72' title='bbox 911 1203 950 1261; x_wconf 84' lang='lat' dir='ltr'>ad</span> <span class='ocrx_word' id='word_1_73' title='bbox 965 1203 1172 1270; x_wconf 76' lang='lat' dir='ltr'>Schminelrium.</span> 
     </span>
    </p>
   </div>
   <div class='ocr_carea' id='block_1_3' title="bbox 257 1308 1272 4069">
    <p class='ocr_par' dir='ltr' id='par_1_3' title="bbox 257 1308 1272 4069">
     <span class='ocr_line' id='line_1_10' title="bbox 310 1308 1271 1390; baseline 0.009 -14"><span class='ocrx_word' id='word_1_74' title='bbox 310 1313 404 1384; x_wconf 87' lang='lat' dir='ltr'>Locus</span> <span class='ocrx_word' id='word_1_75' title='bbox 421 1310 530 1390; x_wconf 87' lang='lat' dir='ltr'>Virgilii</span> <span class='ocrx_word' id='word_1_76' title='bbox 553 1308 652 1389; x_wconf 84' lang='lat' dir='ltr'>Eclog.</span> <span class='ocrx_word' id='word_1_77' title='bbox 673 1310 709 1386; x_wconf 93' lang='lat' dir='ltr'>I,</span> <span class='ocrx_word' id='word_1_78' title='bbox 736 1333 763 1374; x_wconf 87' lang='lat' dir='ltr'>v.</span> <span class='ocrx_word' id='word_1_79' title='bbox 784 1321 833 1376; x_wconf 85' lang='lat'>66.</span> <span class='ocrx_word' id='word_1_80' title='bbox 863 1315 1061 1379; x_wconf 87' lang='lat' dir='ltr'>difficultatem</span> <span class='ocrx_word' id='word_1_81' title='bbox 1090 1318 1179 1382; x_wconf 93' lang='lat' dir='ltr'>habet</span> <span class='ocrx_word' id='word_1_82' title='bbox 1211 1341 1271 1385; x_wconf 84' lang='lat' dir='ltr'>nnn</span> 
     </span>
     <span class='ocr_line' id='line_1_11' title="bbox 266 1410 1271 1494; baseline 0.006 -19"><span class='ocrx_word' id='word_1_83' title='bbox 266 1415 410 1492; x_wconf 80' lang='lat' dir='ltr'>exiguam.</span> <span class='ocrx_word' id='word_1_84' title='bbox 453 1410 488 1474; x_wconf 90' lang='lat' dir='ltr'>In</span> <span class='ocrx_word' id='word_1_85' title='bbox 508 1411 598 1475; x_wconf 87' lang='lat' dir='ltr'>Servii</span> <span class='ocrx_word' id='word_1_86' title='bbox 621 1411 799 1489; x_wconf 87' lang='lat' dir='ltr'>exposrtione</span> <span class='ocrx_word' id='word_1_87' title='bbox 814 1414 956 1490; x_wconf 85' lang='lat' dir='ltr'>quaedam</span> <span class='ocrx_word' id='word_1_88' title='bbox 983 1431 1082 1494; x_wconf 86' lang='lat' dir='ltr'>aperte</span> <span class='ocrx_word' id='word_1_89' title='bbox 1100 1417 1165 1482; x_wconf 85' lang='lat' dir='ltr'>falsa</span> <span class='ocrx_word' id='word_1_90' title='bbox 1188 1417 1271 1494; x_wconf 84' lang='lat' dir='ltr'>sunt,</span> 
     </span>
     <span class='ocr_line' id='line_1_12' title="bbox 267 1510 1272 1595; baseline 0.007 -22"><span class='ocrx_word' id='word_1_91' title='bbox 267 1512 408 1591; x_wconf 86' lang='lat' dir='ltr'>quaedam</span> <span class='ocrx_word' id='word_1_92' title='bbox 426 1510 552 1584; x_wconf 83' lang='lat' dir='ltr'>incerta3</span> <span class='ocrx_word' id='word_1_93' title='bbox 576 1527 643 1571; x_wconf 86' lang='lat' dir='ltr'>narn</span> <span class='ocrx_word' id='word_1_94' title='bbox 659 1511 739 1588; x_wconf 89' lang='lat' dir='ltr'>quod</span> <span class='ocrx_word' id='word_1_95' title='bbox 755 1511 870 1578; x_wconf 85' lang='lat' dir='ltr'>Oaxem</span> <span class='ocrx_word' id='word_1_96' title='bbox 887 1513 1113 1595; x_wconf 81' lang='lat' dir='ltr'>Melopotamiae</span> <span class='ocrx_word' id='word_1_97' title='bbox 1131 1517 1198 1582; x_wconf 85' lang='lat' dir='ltr'>flur.</span> <span class='ocrx_word' id='word_1_98' title='bbox 1213 1518 1272 1580; x_wconf 85' lang='lat' dir='ltr'>effe</span> 
     </span>
     <span class='ocr_line' id='line_1_13' title="bbox 267 1607 1269 1692; baseline 0.006 -19"><span class='ocrx_word' id='word_1_99' title='bbox 267 1613 355 1685; x_wconf 88' lang='lat' dir='ltr'>dicit,</span> <span class='ocrx_word' id='word_1_100' title='bbox 375 1610 405 1672; x_wconf 91' lang='lat' dir='ltr'>id</span> <span class='ocrx_word' id='word_1_101' title='bbox 427 1608 565 1692; x_wconf 89' lang='lat' dir='ltr'>nusquam</span> <span class='ocrx_word' id='word_1_102' title='bbox 583 1607 650 1670; x_wconf 92' lang='lat' dir='ltr'>alibi</span> <span class='ocrx_word' id='word_1_103' title='bbox 666 1607 714 1678; x_wconf 86' lang='lat' dir='ltr'>vel</span> <span class='ocrx_word' id='word_1_104' title='bbox 733 1609 842 1688; x_wconf 70' lang='lat' dir='ltr'>pictum</span> <span class='ocrx_word' id='word_1_105' title='bbox 866 1612 914 1674; x_wconf 89' lang='lat' dir='ltr'>vel</span> <span class='ocrx_word' id='word_1_106' title='bbox 940 1614 1039 1680; x_wconf 74' lang='lat' dir='ltr'>fidium</span> <span class='ocrx_word' id='word_1_107' title='bbox 1064 1614 1109 1676; x_wconf 90' lang='lat' dir='ltr'>vel</span> <span class='ocrx_word' id='word_1_108' title='bbox 1132 1614 1269 1692; x_wconf 86' lang='lat' dir='ltr'>scriptum</span> 
     </span>
     <span class='ocr_line' id='line_1_14' title="bbox 266 1707 1271 1792; baseline 0.001 -19"><span class='ocrx_word' id='word_1_109' title='bbox 266 1714 389 1791; x_wconf 86' lang='lat' dir='ltr'>opinor,</span> <span class='ocrx_word' id='word_1_110' title='bbox 412 1728 445 1772; x_wconf 92' lang='lat' dir='ltr'>ac</span> <span class='ocrx_word' id='word_1_111' title='bbox 467 1708 606 1786; x_wconf 85' lang='lat' dir='ltr'>proinde,</span> <span class='ocrx_word' id='word_1_112' title='bbox 626 1707 752 1772; x_wconf 84' lang='lat' dir='ltr'>Salmasri</span> <span class='ocrx_word' id='word_1_113' title='bbox 775 1707 952 1776; x_wconf 83' lang='lat' dir='ltr'>sententiam</span> <span class='ocrx_word' id='word_1_114' title='bbox 979 1711 1108 1789; x_wconf 89' lang='lat' dir='ltr'>secutus,</span> <span class='ocrx_word' id='word_1_115' title='bbox 1134 1725 1271 1792; x_wconf 89' lang='lat' dir='ltr'>tanquam</span> 
     </span>
     <span class='ocr_line' id='line_1_15' title="bbox 266 1806 1271 1890; baseline 0.004 -18"><span class='ocrx_word' id='word_1_116' title='bbox 266 1810 449 1890; x_wconf 84' lang='lat' dir='ltr'>nugatorium</span> <span class='ocrx_word' id='word_1_117' title='bbox 469 1808 577 1883; x_wconf 86' lang='lat' dir='ltr'>rejicio.</span> <span class='ocrx_word' id='word_1_118' title='bbox 621 1806 702 1876; x_wconf 89' lang='lat' dir='ltr'>ldem</span> <span class='ocrx_word' id='word_1_119' title='bbox 721 1827 791 1873; x_wconf 81' lang='lat' dir='ltr'>mox</span> <span class='ocrx_word' id='word_1_120' title='bbox 806 1808 898 1884; x_wconf 88' lang='lat' dir='ltr'>alios,</span> <span class='ocrx_word' id='word_1_121' title='bbox 922 1825 954 1874; x_wconf 93' lang='lat' dir='ltr'>ut</span> <span class='ocrx_word' id='word_1_122' title='bbox 977 1811 1111 1888; x_wconf 89' lang='lat' dir='ltr'>videtur,</span> <span class='ocrx_word' id='word_1_123' title='bbox 1141 1817 1271 1876; x_wconf 70' lang='lat' dir='ltr'>auctores</span> 
     </span>
     <span class='ocr_line' id='line_1_16' title="bbox 265 1906 1270 2001; baseline 0.004 -27"><span class='ocrx_word' id='word_1_124' title='bbox 265 1912 400 1985; x_wconf 77' lang='lat' dir='ltr'>secutus,</span> <span class='ocrx_word' id='word_1_125' title='bbox 424 1909 536 1971; x_wconf 89' lang='lat' dir='ltr'>Oaxem</span> <span class='ocrx_word' id='word_1_126' title='bbox 560 1925 620 1968; x_wconf 91' lang='lat' dir='ltr'>nnn</span> <span class='ocrx_word' id='word_1_127' title='bbox 635 1907 756 1981; x_wconf 86' lang='lat' dir='ltr'>Cretae,</span> <span class='ocrx_word' id='word_1_128' title='bbox 780 1906 828 1976; x_wconf 86' lang='lat' dir='ltr'>sed</span> <span class='ocrx_word' id='word_1_129' title='bbox 855 1909 1078 2001; x_wconf 23' lang='lat' dir='ltr'>Scythiaexilur.</span> <span class='ocrx_word' id='word_1_130' title='bbox 1100 1910 1155 1972; x_wconf 84' lang='lat' dir='ltr'>elle</span> <span class='ocrx_word' id='word_1_131' title='bbox 1177 1912 1270 1977; x_wconf 80' lang='lat' dir='ltr'>uadit.</span> 
     </span>
     <span class='ocr_line' id='line_1_17' title="bbox 266 1997 1266 2092; baseline 0.001 -20"><span class='ocrx_word' id='word_1_132' title='bbox 266 2011 323 2080; x_wconf 77' lang='lat' dir='ltr'>Sed</span> <span class='ocrx_word' id='word_1_133' title='bbox 340 2011 397 2071; x_wconf 84' lang='lat' dir='ltr'>hoc</span> <span class='ocrx_word' id='word_1_134' title='bbox 417 1997 532 2085; x_wconf 88' lang='lat' dir='ltr'>quoque</span> <span class='ocrx_word' id='word_1_135' title='bbox 551 2025 610 2066; x_wconf 91' lang='lat' dir='ltr'>non</span> <span class='ocrx_word' id='word_1_136' title='bbox 625 2005 681 2066; x_wconf 86' lang='lat' dir='ltr'>fert</span> <span class='ocrx_word' id='word_1_137' title='bbox 699 2005 854 2076; x_wconf 85' lang='lat' dir='ltr'>Politianus</span> <span class='ocrx_word' id='word_1_138' title='bbox 876 2009 908 2074; x_wconf 65' lang='lat' dir='ltr'>It</span> <span class='ocrx_word' id='word_1_139' title='bbox 934 2008 958 2076; x_wconf 87' lang='grc' dir='ltr'>Ι.</span> <span class='ocrx_word' id='word_1_140' title='bbox 985 2008 1105 2079; x_wconf 84' lang='lat' dir='ltr'>Miscell.</span> <span class='ocrx_word' id='word_1_141' title='bbox 1131 2029 1193 2092; x_wconf 86' lang='lat' dir='ltr'>cap.</span> <span class='ocrx_word' id='word_1_142' title='bbox 1219 2029 1266 2089; x_wconf 78' lang='lat'>37.</span> 
     </span>
     <span class='ocr_line' id='line_1_18' title="bbox 266 2105 1266 2184; baseline -0.002 -10"><span class='ocrx_word' id='word_1_143' title='bbox 266 2115 295 2174; x_wconf 78' lang='lat' dir='ltr'>dt</span> <span class='ocrx_word' id='word_1_144' title='bbox 311 2109 441 2174; x_wconf 88' lang='lat' dir='ltr'>Serrium</span> <span class='ocrx_word' id='word_1_145' title='bbox 460 2107 546 2171; x_wconf 87' lang='lat' dir='ltr'>foede</span> <span class='ocrx_word' id='word_1_146' title='bbox 569 2105 668 2172; x_wconf 84' lang='lat' dir='ltr'>erralle</span> <span class='ocrx_word' id='word_1_147' title='bbox 696 2105 859 2184; x_wconf 85' lang='lat' dir='ltr'>praefatus,</span> <span class='ocrx_word' id='word_1_148' title='bbox 894 2105 924 2167; x_wconf 90' lang='lat' dir='ltr'>so</span> <span class='ocrx_word' id='word_1_149' title='bbox 950 2107 1063 2169; x_wconf 88' lang='lat' dir='ltr'>Oaxem</span> <span class='ocrx_word' id='word_1_150' title='bbox 1086 2107 1186 2175; x_wconf 84' lang='lat' dir='ltr'>Cretae</span> <span class='ocrx_word' id='word_1_151' title='bbox 1214 2107 1266 2174; x_wconf 80' lang='lat' dir='ltr'>ins.</span> 
     </span>
     <span class='ocr_line' id='line_1_19' title="bbox 266 2202 1269 2284; baseline 0.002 -16"><span class='ocrx_word' id='word_1_152' title='bbox 266 2208 387 2279; x_wconf 75' lang='lat' dir='ltr'>fluvium</span> <span class='ocrx_word' id='word_1_153' title='bbox 403 2206 533 2284; x_wconf 84' lang='lat' dir='ltr'>accipere</span> <span class='ocrx_word' id='word_1_154' title='bbox 557 2205 596 2264; x_wconf 91' lang='lat' dir='ltr'>air</span> <span class='ocrx_word' id='word_1_155' title='bbox 612 2202 656 2265; x_wconf 87' lang='lat' dir='ltr'>his</span> <span class='ocrx_word' id='word_1_156' title='bbox 674 2204 712 2265; x_wconf 90' lang='lat' dir='ltr'>de</span> <span class='ocrx_word' id='word_1_157' title='bbox 733 2205 842 2280; x_wconf 79' lang='lat' dir='ltr'>caulis,</span> <span class='ocrx_word' id='word_1_158' title='bbox 869 2205 948 2282; x_wconf 92' lang='lat' dir='ltr'>quod</span> <span class='ocrx_word' id='word_1_159' title='bbox 973 2208 1049 2273; x_wconf 85' lang='lat' dir='ltr'>inter</span> <span class='ocrx_word' id='word_1_160' title='bbox 1073 2209 1135 2281; x_wconf 83' lang='lat' dir='ltr'>ojus</span> <span class='ocrx_word' id='word_1_161' title='bbox 1158 2208 1269 2272; x_wconf 80' lang='lat' dir='ltr'>insulae</span> 
     </span>
     <span class='ocr_line' id='line_1_20' title="bbox 265 2301 1267 2382; baseline 0.006 -16"><span class='ocrx_word' id='word_1_162' title='bbox 265 2305 370 2376; x_wconf 85' lang='lat' dir='ltr'>liuvice</span> <span class='ocrx_word' id='word_1_163' title='bbox 394 2302 493 2370; x_wconf 85' lang='lat' dir='ltr'>Vibius</span> <span class='ocrx_word' id='word_1_164' title='bbox 514 2301 661 2382; x_wconf 86' lang='lat' dir='ltr'>Sequester</span> <span class='ocrx_word' id='word_1_165' title='bbox 683 2303 795 2373; x_wconf 85' lang='lat' dir='ltr'>Oaxem</span> <span class='ocrx_word' id='word_1_166' title='bbox 821 2316 980 2380; x_wconf 85' lang='lat' dir='ltr'>memoret,</span> <span class='ocrx_word' id='word_1_167' title='bbox 997 2324 1014 2366; x_wconf 87' lang='lat' dir='ltr'>a</span> <span class='ocrx_word' id='word_1_168' title='bbox 1034 2325 1092 2382; x_wconf 89' lang='lat' dir='ltr'>quo</span> <span class='ocrx_word' id='word_1_169' title='bbox 1107 2307 1214 2379; x_wconf 82' lang='lat' dir='ltr'>etiam,</span> <span class='ocrx_word' id='word_1_170' title='bbox 1234 2319 1267 2372; x_wconf 87' lang='lat' dir='ltr'>ut</span> 
     </span>
     <span class='ocr_line' id='line_1_21' title="bbox 264 2401 1268 2483; baseline 0.003 -18"><span class='ocrx_word' id='word_1_171' title='bbox 264 2403 314 2470; x_wconf 84' lang='lat' dir='ltr'>ille</span> <span class='ocrx_word' id='word_1_172' title='bbox 332 2415 431 2480; x_wconf 86' lang='lat' dir='ltr'>putat,</span> <span class='ocrx_word' id='word_1_173' title='bbox 455 2402 554 2465; x_wconf 88' lang='lat' dir='ltr'>civitas</span> <span class='ocrx_word' id='word_1_174' title='bbox 571 2401 663 2468; x_wconf 88' lang='lat' dir='ltr'>Oaxia</span> <span class='ocrx_word' id='word_1_175' title='bbox 686 2401 716 2466; x_wconf 90' lang='lat' dir='ltr'>in</span> <span class='ocrx_word' id='word_1_176' title='bbox 733 2405 834 2470; x_wconf 87' lang='lat' dir='ltr'>eadem</span> <span class='ocrx_word' id='word_1_177' title='bbox 865 2401 955 2469; x_wconf 90' lang='lat' dir='ltr'>insula</span> <span class='ocrx_word' id='word_1_178' title='bbox 994 2405 1069 2471; x_wconf 70' lang='lat' dir='ltr'>diota</span> <span class='ocrx_word' id='word_1_179' title='bbox 1098 2403 1150 2476; x_wconf 78' lang='lat' dir='ltr'>lit,</span> <span class='ocrx_word' id='word_1_180' title='bbox 1186 2406 1268 2483; x_wconf 91' lang='lat' dir='ltr'>quod</span> 
     </span>
     <span class='ocr_line' id='line_1_22' title="bbox 266 2500 1269 2585; baseline -0.003 -16"><span class='ocrx_word' id='word_1_181' title='bbox 266 2501 436 2580; x_wconf 80' lang='lat' dir='ltr'>Apollonius</span> <span class='ocrx_word' id='word_1_182' title='bbox 452 2500 585 2563; x_wconf 83' lang='lat' dir='ltr'>Rhodius</span> <span class='ocrx_word' id='word_1_183' title='bbox 606 2501 637 2562; x_wconf 92' lang='lat' dir='ltr'>in</span> <span class='ocrx_word' id='word_1_184' title='bbox 661 2503 858 2585; x_wconf 83' lang='lat' dir='ltr'>Argonautiois</span> <span class='ocrx_word' id='word_1_185' title='bbox 878 2501 994 2566; x_wconf 86' lang='lat' dir='ltr'>Cretam</span> <span class='ocrx_word' id='word_1_186' title='bbox 1010 2500 1144 2566; x_wconf 89' lang='lat' dir='ltr'>tellurem</span> <span class='ocrx_word' id='word_1_187' title='bbox 1155 2505 1269 2567; x_wconf 84' lang='lat' dir='ltr'>Oaxida</span> 
     </span>
     <span class='ocr_line' id='line_1_23' title="bbox 265 2600 1269 2684; baseline 0.003 -23"><span class='ocrx_word' id='word_1_188' title='bbox 265 2600 474 2682; x_wconf 84' lang='lat' dir='ltr'>appellaverit,</span> <span class='ocrx_word' id='word_1_189' title='bbox 497 2600 623 2677; x_wconf 90' lang='lat' dir='ltr'>denique</span> <span class='ocrx_word' id='word_1_190' title='bbox 633 2643 646 2675; x_wconf 78' lang='lat'>,</span> <span class='ocrx_word' id='word_1_191' title='bbox 656 2602 735 2679; x_wconf 89' lang='lat' dir='ltr'>quod</span> <span class='ocrx_word' id='word_1_192' title='bbox 753 2603 856 2667; x_wconf 89' lang='lat' dir='ltr'>rationi</span> <span class='ocrx_word' id='word_1_193' title='bbox 875 2604 1048 2677; x_wconf 86' lang='lat' dir='ltr'>conveniat,</span> <span class='ocrx_word' id='word_1_194' title='bbox 1062 2618 1094 2666; x_wconf 92' lang='lat' dir='ltr'>ut</span> <span class='ocrx_word' id='word_1_195' title='bbox 1116 2609 1202 2682; x_wconf 66' lang='lat' dir='ltr'>pneffta</span> <span class='ocrx_word' id='word_1_196' title='bbox 1216 2624 1269 2684; x_wconf 73' lang='lat' dir='ltr'>pm</span> 
     </span>
     <span class='ocr_line' id='line_1_24' title="bbox 264 2698 1268 2783; baseline -0.002 -17"><span class='ocrx_word' id='word_1_197' title='bbox 264 2703 378 2783; x_wconf 87' lang='lat' dir='ltr'>pulares</span> <span class='ocrx_word' id='word_1_198' title='bbox 399 2699 463 2763; x_wconf 89' lang='lat' dir='ltr'>suos</span> <span class='ocrx_word' id='word_1_199' title='bbox 481 2714 542 2762; x_wconf 90' lang='lat' dir='ltr'>toto</span> <span class='ocrx_word' id='word_1_200' title='bbox 567 2699 636 2768; x_wconf 87' lang='lat' dir='ltr'>orbe</span> <span class='ocrx_word' id='word_1_201' title='bbox 658 2698 815 2778; x_wconf 87' lang='lat' dir='ltr'>dispersum</span> <span class='ocrx_word' id='word_1_202' title='bbox 841 2703 875 2766; x_wconf 92' lang='lat' dir='ltr'>iri</span> <span class='ocrx_word' id='word_1_203' title='bbox 903 2700 1085 2778; x_wconf 86' lang='lat' dir='ltr'>ostensurus,</span> <span class='ocrx_word' id='word_1_204' title='bbox 1122 2703 1158 2765; x_wconf 86' lang='lat' dir='ltr'>de</span> <span class='ocrx_word' id='word_1_205' title='bbox 1177 2701 1268 2764; x_wconf 84' lang='lat' dir='ltr'>insula</span> 
     </span>
     <span class='ocr_line' id='line_1_25' title="bbox 265 2799 1266 2883; baseline -0.002 -19"><span class='ocrx_word' id='word_1_206' title='bbox 265 2819 381 2883; x_wconf 90' lang='lat' dir='ltr'>quoque</span> <span class='ocrx_word' id='word_1_207' title='bbox 395 2802 425 2862; x_wconf 90' lang='lat' dir='ltr'>in</span> <span class='ocrx_word' id='word_1_208' title='bbox 441 2801 537 2868; x_wconf 89' lang='lat' dir='ltr'>medio</span> <span class='ocrx_word' id='word_1_209' title='bbox 564 2799 654 2862; x_wconf 84' lang='lat' dir='ltr'>ueluti</span> <span class='ocrx_word' id='word_1_210' title='bbox 676 2803 747 2861; x_wconf 89' lang='lat' dir='ltr'>mari</span> <span class='ocrx_word' id='word_1_211' title='bbox 763 2801 977 2866; x_wconf 84' lang='lat' dir='ltr'>Mediterranea</span> <span class='ocrx_word' id='word_1_212' title='bbox 994 2801 1061 2875; x_wconf 84' lang='lat' dir='ltr'>stra,</span> <span class='ocrx_word' id='word_1_213' title='bbox 1091 2815 1159 2866; x_wconf 88' lang='lat' dir='ltr'>tunc</span> <span class='ocrx_word' id='word_1_214' title='bbox 1184 2805 1211 2862; x_wconf 79' lang='lat' dir='ltr'>dr</span> <span class='ocrx_word' id='word_1_215' title='bbox 1228 2802 1266 2862; x_wconf 88' lang='lat' dir='ltr'>de</span> 
     </span>
     <span class='ocr_line' id='line_1_26' title="bbox 263 2897 1265 2978; baseline -0.004 -15"><span class='ocrx_word' id='word_1_216' title='bbox 263 2901 369 2975; x_wconf 91' lang='lat' dir='ltr'>altera,</span> <span class='ocrx_word' id='word_1_217' title='bbox 386 2901 501 2978; x_wconf 90' lang='lat' dir='ltr'>penitus</span> <span class='ocrx_word' id='word_1_218' title='bbox 523 2911 586 2961; x_wconf 93' lang='lat' dir='ltr'>toto</span> <span class='ocrx_word' id='word_1_219' title='bbox 602 2899 672 2960; x_wconf 89' lang='lat' dir='ltr'>orbe</span> <span class='ocrx_word' id='word_1_220' title='bbox 690 2897 796 2974; x_wconf 75' lang='lat' dir='ltr'>divisa,</span> <span class='ocrx_word' id='word_1_221' title='bbox 818 2914 968 2964; x_wconf 86' lang='lat' dir='ltr'>memoret.</span> <span class='ocrx_word' id='word_1_222' title='bbox 1028 2901 1101 2969; x_wconf 84' lang='lat' dir='ltr'>Cum</span> <span class='ocrx_word' id='word_1_223' title='bbox 1127 2899 1265 2962; x_wconf 88' lang='lat' dir='ltr'>Politiano</span> 
     </span>
     <span class='ocr_line' id='line_1_27' title="bbox 264 2997 1266 3084; baseline 0.002 -25"><span class='ocrx_word' id='word_1_224' title='bbox 264 3017 381 3082; x_wconf 84' lang='lat' dir='ltr'>quoquo</span> <span class='ocrx_word' id='word_1_225' title='bbox 396 2997 478 3061; x_wconf 91' lang='lat' dir='ltr'>sentit</span> <span class='ocrx_word' id='word_1_226' title='bbox 488 2997 632 3064; x_wconf 83' lang='lat' dir='ltr'>Rrodaeus</span> <span class='ocrx_word' id='word_1_227' title='bbox 648 2997 670 3058; x_wconf 90' lang='lat' dir='ltr'>l.</span> <span class='ocrx_word' id='word_1_228' title='bbox 698 2997 820 3062; x_wconf 84' lang='lat' dir='ltr'>Miscell.</span> <span class='ocrx_word' id='word_1_229' title='bbox 844 3019 871 3063; x_wconf 84' lang='lat' dir='ltr'>c.</span> <span class='ocrx_word' id='word_1_230' title='bbox 891 3019 936 3077; x_wconf 81' lang='lat'>39.</span> <span class='ocrx_word' id='word_1_231' title='bbox 966 3003 994 3062; x_wconf 81' lang='lat' dir='ltr'>dr</span> <span class='ocrx_word' id='word_1_232' title='bbox 1018 3000 1194 3084; x_wconf 82' lang='lat' dir='ltr'>Agricolam,</span> <span class='ocrx_word' id='word_1_233' title='bbox 1216 2999 1266 3078; x_wconf 89' lang='lat' dir='ltr'>qui</span> 
     </span>
     <span class='ocr_line' id='line_1_28' title="bbox 265 3095 1269 3180; baseline 0.002 -24"><span class='ocrx_word' id='word_1_234' title='bbox 265 3097 379 3160; x_wconf 91' lang='lat' dir='ltr'>Oaxem</span> <span class='ocrx_word' id='word_1_235' title='bbox 400 3095 532 3180; x_wconf 77' lang='lat' dir='ltr'>Scythiae</span> <span class='ocrx_word' id='word_1_236' title='bbox 557 3095 679 3156; x_wconf 87' lang='lat' dir='ltr'>fluvium</span> <span class='ocrx_word' id='word_1_237' title='bbox 699 3095 754 3162; x_wconf 85' lang='lat' dir='ltr'>esse</span> <span class='ocrx_word' id='word_1_238' title='bbox 780 3097 909 3172; x_wconf 79' lang='lat' dir='ltr'>dixerat,</span> <span class='ocrx_word' id='word_1_239' title='bbox 935 3097 1140 3177; x_wconf 82' lang='lat' dir='ltr'>reprehendit,</span> <span class='ocrx_word' id='word_1_240' title='bbox 1171 3113 1203 3166; x_wconf 90' lang='lat' dir='ltr'>ut</span> <span class='ocrx_word' id='word_1_241' title='bbox 1226 3113 1269 3159; x_wconf 86' lang='lat' dir='ltr'>te·</span> 
     </span>
     <span class='ocr_line' id='line_1_29' title="bbox 264 3192 1266 3276; baseline 0.001 -18"><span class='ocrx_word' id='word_1_242' title='bbox 264 3213 344 3264; x_wconf 80' lang='lat' dir='ltr'>inere</span> <span class='ocrx_word' id='word_1_243' title='bbox 366 3192 734 3272; x_wconf 80' lang='lat' dir='ltr'>minutosglollographos,</span> <span class='ocrx_word' id='word_1_244' title='bbox 757 3216 815 3275; x_wconf 91' lang='lat' dir='ltr'>quo</span> <span class='ocrx_word' id='word_1_245' title='bbox 831 3199 950 3262; x_wconf 88' lang='lat' dir='ltr'>nomine</span> <span class='ocrx_word' id='word_1_246' title='bbox 971 3196 1103 3262; x_wconf 87' lang='lat' dir='ltr'>Servium</span> <span class='ocrx_word' id='word_1_247' title='bbox 1121 3197 1266 3276; x_wconf 77' lang='lat' dir='ltr'>designat,</span> 
     </span>
     <span class='ocr_line' id='line_1_30' title="bbox 262 3291 1262 3372; baseline 0 -16"><span class='ocrx_word' id='word_1_248' title='bbox 262 3294 401 3361; x_wconf 85' lang='lat' dir='ltr'>secutum.</span> <span class='ocrx_word' id='word_1_249' title='bbox 445 3292 581 3354; x_wconf 86' lang='lat' dir='ltr'>Rationes</span> <span class='ocrx_word' id='word_1_250' title='bbox 597 3291 663 3360; x_wconf 85' lang='lat' dir='ltr'>snae</span> <span class='ocrx_word' id='word_1_251' title='bbox 685 3293 842 3363; x_wconf 80' lang='lat' dir='ltr'>sententiae</span> <span class='ocrx_word' id='word_1_252' title='bbox 863 3297 956 3366; x_wconf 83' lang='lat' dir='ltr'>adfert</span> <span class='ocrx_word' id='word_1_253' title='bbox 983 3297 1076 3372; x_wconf 88' lang='lat' dir='ltr'>duas,</span> <span class='ocrx_word' id='word_1_254' title='bbox 1109 3298 1262 3360; x_wconf 58' lang='lat' dir='ltr'>auetorita-</span> 
     </span>
     <span class='ocr_line' id='line_1_31' title="bbox 263 3391 1263 3474; baseline -0.001 -18"><span class='ocrx_word' id='word_1_255' title='bbox 263 3409 324 3458; x_wconf 89' lang='lat' dir='ltr'>tem</span> <span class='ocrx_word' id='word_1_256' title='bbox 338 3391 474 3458; x_wconf 85' lang='lat' dir='ltr'>nimirum</span> <span class='ocrx_word' id='word_1_257' title='bbox 493 3392 586 3467; x_wconf 84' lang='lat' dir='ltr'>Vibii,</span> <span class='ocrx_word' id='word_1_258' title='bbox 609 3393 638 3454; x_wconf 81' lang='lat' dir='ltr'>dt</span> <span class='ocrx_word' id='word_1_259' title='bbox 662 3394 740 3472; x_wconf 89' lang='lat' dir='ltr'>quod</span> <span class='ocrx_word' id='word_1_260' title='bbox 764 3395 863 3460; x_wconf 86' lang='lat' dir='ltr'>Oaxus</span> <span class='ocrx_word' id='word_1_261' title='bbox 889 3396 1035 3474; x_wconf 85' lang='lat' dir='ltr'>Stephano</span> <span class='ocrx_word' id='word_1_262' title='bbox 1066 3399 1093 3466; x_wconf 70' lang='grc' dir='ltr'><strong>ἃ</strong></span> <span class='ocrx_word' id='word_1_263' title='bbox 1115 3395 1263 3461; x_wconf 86' lang='lat' dir='ltr'>Herodoto</span> 
     </span>
     <span class='ocr_line' id='line_1_32' title="bbox 263 3491 1267 3573; baseline -0.001 -18"><span class='ocrx_word' id='word_1_264' title='bbox 263 3494 380 3560; x_wconf 86' lang='lat' dir='ltr'>testibus</span> <span class='ocrx_word' id='word_1_265' title='bbox 400 3491 467 3554; x_wconf 84' lang='lat' dir='ltr'>urbs</span> <span class='ocrx_word' id='word_1_266' title='bbox 488 3492 589 3556; x_wconf 86' lang='lat' dir='ltr'>Cretae</span> <span class='ocrx_word' id='word_1_267' title='bbox 605 3491 701 3556; x_wconf 76' lang='lat' dir='ltr'>fuerit.</span> <span class='ocrx_word' id='word_1_268' title='bbox 763 3497 856 3572; x_wconf 84' lang='lat' dir='ltr'>Atque</span> <span class='ocrx_word' id='word_1_269' title='bbox 886 3495 961 3563; x_wconf 84' lang='lat' dir='ltr'>hanc</span> <span class='ocrx_word' id='word_1_270' title='bbox 988 3496 1155 3573; x_wconf 90' lang='lat' dir='ltr'>opinionem</span> <span class='ocrx_word' id='word_1_271' title='bbox 1179 3495 1267 3555; x_wconf 88' lang='lat' dir='ltr'>etiam</span> 
     </span>
     <span class='ocr_line' id='line_1_33' title="bbox 262 3591 1266 3674; baseline -0.004 -17"><span class='ocrx_word' id='word_1_272' title='bbox 262 3595 388 3674; x_wconf 85' lang='lat' dir='ltr'>sequitur</span> <span class='ocrx_word' id='word_1_273' title='bbox 398 3591 534 3662; x_wconf 81' lang='lat' dir='ltr'>Cellarius</span> <span class='ocrx_word' id='word_1_274' title='bbox 543 3592 575 3661; x_wconf 81' lang='lat' dir='ltr'>L·</span> <span class='ocrx_word' id='word_1_275' title='bbox 589 3592 628 3656; x_wconf 91' lang='lat' dir='ltr'>ll.</span> <span class='ocrx_word' id='word_1_276' title='bbox 641 3593 744 3672; x_wconf 86' lang='lat' dir='ltr'>Gengr.</span> <span class='ocrx_word' id='word_1_277' title='bbox 757 3596 851 3674; x_wconf 83' lang='lat' dir='ltr'>Antiq.</span> <span class='ocrx_word' id='word_1_278' title='bbox 869 3614 895 3661; x_wconf 73' lang='lat' dir='ltr'>c,</span> <span class='ocrx_word' id='word_1_279' title='bbox 914 3613 961 3668; x_wconf 83' lang='lat'>14·</span> <span class='ocrx_word' id='word_1_280' title='bbox 968 3593 1086 3668; x_wconf 84' lang='lat' dir='ltr'>iisdem,</span> <span class='ocrx_word' id='word_1_281' title='bbox 1096 3593 1198 3672; x_wconf 90' lang='lat' dir='ltr'>qulbus</span> <span class='ocrx_word' id='word_1_282' title='bbox 1212 3591 1266 3668; x_wconf 89' lang='lat' dir='ltr'>illi,</span> 
     </span>
     <span class='ocr_line' id='line_1_34' title="bbox 263 3691 1264 3768; baseline -0.005 -12"><span class='ocrx_word' id='word_1_283' title='bbox 263 3692 419 3756; x_wconf 86' lang='lat' dir='ltr'>rationibus</span> <span class='ocrx_word' id='word_1_284' title='bbox 441 3692 557 3768; x_wconf 90' lang='lat' dir='ltr'>nitens,</span> <span class='ocrx_word' id='word_1_285' title='bbox 580 3694 608 3755; x_wconf 77' lang='lat' dir='ltr'>dr</span> <span class='ocrx_word' id='word_1_286' title='bbox 632 3693 670 3760; x_wconf 90' lang='lat' dir='ltr'>ob</span> <span class='ocrx_word' id='word_1_287' title='bbox 696 3713 744 3756; x_wconf 86' lang='lat' dir='ltr'>eas</span> <span class='ocrx_word' id='word_1_288' title='bbox 764 3713 824 3756; x_wconf 91' lang='lat' dir='ltr'>non</span> <span class='ocrx_word' id='word_1_289' title='bbox 847 3691 1039 3759; x_wconf 85' lang='lat' dir='ltr'>dubitandum</span> <span class='ocrx_word' id='word_1_290' title='bbox 1061 3691 1117 3754; x_wconf 84' lang='lat' dir='ltr'>elle</span> <span class='ocrx_word' id='word_1_291' title='bbox 1142 3693 1264 3765; x_wconf 78' lang='lat' dir='ltr'>dicens,</span> 
     </span>
     <span class='ocr_line' id='line_1_35' title="bbox 263 3789 1267 3871; baseline -0.005 -16"><span class='ocrx_word' id='word_1_292' title='bbox 263 3795 333 3870; x_wconf 88' lang='lat' dir='ltr'>quin</span> <span class='ocrx_word' id='word_1_293' title='bbox 349 3794 381 3854; x_wconf 87' lang='lat' dir='ltr'>in</span> <span class='ocrx_word' id='word_1_294' title='bbox 398 3792 483 3854; x_wconf 88' lang='lat' dir='ltr'>Creta</span> <span class='ocrx_word' id='word_1_295' title='bbox 502 3793 588 3857; x_wconf 89' lang='lat' dir='ltr'>fuerit</span> <span class='ocrx_word' id='word_1_296' title='bbox 608 3794 704 3855; x_wconf 88' lang='lat' dir='ltr'>Oaxes</span> <span class='ocrx_word' id='word_1_297' title='bbox 724 3793 849 3867; x_wconf 84' lang='lat' dir='ltr'>fluvius,</span> <span class='ocrx_word' id='word_1_298' title='bbox 880 3790 1045 3871; x_wconf 87' lang='lat' dir='ltr'>praesertim</span> <span class='ocrx_word' id='word_1_299' title='bbox 1076 3789 1193 3870; x_wconf 85' lang='lat' dir='ltr'>Virgilio</span> <span class='ocrx_word' id='word_1_300' title='bbox 1217 3789 1267 3850; x_wconf 88' lang='lat' dir='ltr'>ad·</span> 
     </span>
     <span class='ocr_line' id='line_1_36' title="bbox 262 3887 1262 3971; baseline 0 -23"><span class='ocrx_word' id='word_1_301' title='bbox 262 3889 412 3966; x_wconf 84' lang='lat' dir='ltr'>firmante,</span> <span class='ocrx_word' id='word_1_302' title='bbox 437 3894 464 3952; x_wconf 77' lang='lat' dir='ltr'>dc</span> <span class='ocrx_word' id='word_1_303' title='bbox 491 3889 698 3971; x_wconf 84' lang='lat' dir='ltr'>comprobante</span> <span class='ocrx_word' id='word_1_304' title='bbox 713 3892 798 3953; x_wconf 88' lang='lat' dir='ltr'>etiam</span> <span class='ocrx_word' id='word_1_305' title='bbox 816 3911 832 3953; x_wconf 93' lang='lat' dir='ltr'>e</span> <span class='ocrx_word' id='word_1_306' title='bbox 852 3891 980 3954; x_wconf 90' lang='lat' dir='ltr'>Varrone</span> <span class='ocrx_word' id='word_1_307' title='bbox 994 3890 1079 3951; x_wconf 91' lang='lat' dir='ltr'>Vibio</span> <span class='ocrx_word' id='word_1_308' title='bbox 1102 3887 1262 3968; x_wconf 85' lang='lat' dir='ltr'>Sequestro.</span> 
     </span>
     <span class='ocr_line' id='line_1_37' title="bbox 257 3987 1266 4069; baseline -0.004 -18"><span class='ocrx_word' id='word_1_309' title='bbox 257 3988 319 4052; x_wconf 87' lang='lat' dir='ltr'>&#39;Sed</span> <span class='ocrx_word' id='word_1_310' title='bbox 331 3987 502 4052; x_wconf 88' lang='lat' dir='ltr'>Politianum</span> <span class='ocrx_word' id='word_1_311' title='bbox 513 3988 637 4066; x_wconf 82' lang='lat' dir='ltr'>refellit,</span> <span class='ocrx_word' id='word_1_312' title='bbox 656 4003 688 4054; x_wconf 90' lang='lat' dir='ltr'>ut</span> <span class='ocrx_word' id='word_1_313' title='bbox 699 3991 772 4052; x_wconf 91' lang='lat' dir='ltr'>mihi</span> <span class='ocrx_word' id='word_1_314' title='bbox 792 3991 909 4069; x_wconf 90' lang='lat' dir='ltr'>quidem</span> <span class='ocrx_word' id='word_1_315' title='bbox 927 3991 1056 4066; x_wconf 88' lang='lat' dir='ltr'>videtur,</span> <span class='ocrx_word' id='word_1_316' title='bbox 1069 4007 1128 4051; x_wconf 92' lang='lat' dir='ltr'>non</span> <span class='ocrx_word' id='word_1_317' title='bbox 1143 3990 1266 4052; x_wconf 82' lang='lat' dir='ltr'>omnino</span> 
     </span>
    </p>
   </div>
   <div class='ocr_carea' id='block_1_4' title="bbox 0 0 1420 4711">
    <p class='ocr_par' dir='ltr' id='par_1_4' title="bbox 0 0 1420 4711">
     <span class='ocr_line' id='line_1_38' title="bbox 0 0 1420 4711; baseline 0 0"><span class='ocrx_word' id='word_1_318' title='bbox 0 0 1420 4711; x_wconf 95' lang='lat' dir='ltr'> </span> 
     </span>
    </p>
   </div>
  </div>
 </body>
</html>
