2798 4710
349 369 353 378 ‚
413 345 488 406 sn
546 344 798 408 ruumrua
1054 351 1099 434 53
1187 319 1194 346 ⁸

111 504 264 587 Dionysius
288 499 380 566 Halio.
401 500 465 566 libr.
482 501 517 564 V.
543 521 606 581 pag.
640 521 707 579 305.
741 500 873 566 &Lloid
894 499 1007 565 laudato
1024 501 1102 568 vloco.
1191 457 1202 502 4

113 605 155 667 Ut
181 603 360 682 Propertium
381 599 497 664 &alim
519 605 618 682 podtas
638 599 750 662 silentio
776 614 960 680 praeteream.
985 616 1106 666 cunun-

156 741 232 800 lacui
250 738 426 813 Velinorum)
456 735 584 812 Nescia,
605 739 676 823 ¹quid
696 739 781 801 faciat
803 738 861 802 huc
882 739 959 802 lacus
969 737 1104 814 Velinus,

50 847 53 854 ’
112 841 165 918 qui
187 839 223 900 ab
250 839 360 900 Aniene
392 833 474 896 distat
500 833 685 914 aliquantum.
723 837 862 916 Equidem
890 837 963 901 nihil
987 835 1105 902 extrico'.

111 937 250 1016 Scriptori
280 936 376 998 nostro
408 935 439 995 in
453 936 564 1022 ¹primis
582 934 744 998 adversatur
772 936 876 1000 Plinius
902 951 959 999 nat
986 936 1048 998 hist.
1072 935 1105 1000 L.

111 1037 167 1102 ΙΙΙ.
197 1055 261 1114 cup.
292 1053 339 1097 η.
364 1033 459 1092 Sabini
485 1036 540 1110 (ut
562 1035 671 1113 quidam
704 1034 906 1114 existimavere,
934 1057 953 1095 a
986 1033 1109 1118 religione

112 1136 271 1198 &Deorum
290 1131 364 1190 cultu
385 1129 477 1190 Stulni
497 1129 648 1212 appellati)
666 1131 772 1192 Velinus
797 1132 922 1192 accolunt
941 1132 1039 1208 lacus,
1066 1153 1108 1192 ro·

109 1227 198 1309 scidis
220 1229 344 1292 collibus.
372 1229 436 1290 Nar
466 1230 552 1288 amnis
586 1229 711 1290 exhaurit
745 1229 810 1292 illas
835 1225 987 1314 sulphureis
1018 1232 1106 1312 aquis.

115 1331 226 1391 liberine
242 1349 277 1386 ex
288 1329 331 1387 bis
341 1345 432 1406 petens
451 1325 551 1405 replet,
569 1347 583 1384 e
602 1345 686 1388 monte
701 1326 816 1394 Filcello
832 1328 925 1388 labens
939 1327 1026 1411 juxta
1051 1331 1108 1392 Va·

116 1450 199 1488 curtae
215 1425 362 1487 nemora&
386 1427 471 1484 Reate
492 1425 521 1484 in
538 1419 638 1500 eosdem
661 1426 795 1493 conditus.
850 1427 893 1488 Ae
915 1449 949 1485 ex
972 1427 1030 1488 alia
1041 1451 1109 1511 par·

114 1507 551 1602 teAnio,inmanteVrebanorurn
566 1541 652 1594 ortus,
664 1522 743 1584 lacus
759 1541 813 1583 tres
828 1524 985 1584 amoenitate
995 1527 1108 1596 nobiles,

115 1627 160 1708 qui
178 1646 270 1686 nomen
297 1623 388 1686 dedere
412 1621 582 1703 Sublaqueo,
612 1617 695 1703 defert
716 1622 744 1682 in
766 1623 887 1685 Tiberim.
913 1623 963 1686 ubi
992 1625 1107 1690 videsis

117 1725 200 1792 Fetd.
226 1723 385 1784 Pincianum
410 1719 514 1794 &Jau
542 1718 779 1800 Dalechampium
805 1721 946 1786 Plinianos
972 1725 1109 1803 interpre-

119 1836 173 1888 tes
197 1821 242 1886 illi
269 1820 348 1882 lacus
372 1834 429 1880 tres
457 1817 549 1880 Plinio
572 1821 721 1882 memorati
743 1818 897 1882 Simbruini
920 1820 998 1884 lacus
1025 1822 1108 1894 sunt,

119 1922 180 1985 five
202 1919 358 1982 Simbruina
375 1918 489 1996 stagna3
507 1918 544 1978 de
568 1917 670 1995 quibus
693 1917 811 1980 Tacitus
835 1919 908 1980 Anu.
930 1917 994 1981 libr.
1025 1920 1105 1994 XIV.

119 2040 183 2099 cap.
200 2037 248 2082 22.
266 2019 341 2078 Nam
368 2017 432 2096 quia
451 2016 640 2090 discumbentis
658 2015 774 2075 Neronis
799 2017 875 2096 apud
897 2005 1110 2098 dinannafla-

115 2140 190 2204 grta,
207 2116 252 2176 cui
265 2114 444 2200 Sublaqueum
460 2133 551 2174 nomen
566 2112 618 2194 est,
639 2113 704 2171 idlae
733 2115 816 2193 dapes
846 2109 982 2196 mensaque
1001 2112 1110 2196 disjeiia
1207 2171 1214 2177 .

116 2236 192 2288 erat,
221 2215 300 2294 idque
318 2211 420 2290 finibus
445 2212 581 2270 Iiburturn
598 2211 751 2286 acciderat,
784 2213 852 2272 unde
869 2229 986 2294 patema
1005 2212 1108 2276 Plauto

112 2316 202 2399 origo,
214 2313 285 2374 bunc
295 2308 371 2370 illum
386 2308 490 2370 numine
503 2309 591 2370 Deum
611 2310 735 2392 destinari
751 2311 899 2373 credebant.
931 2309 1043 2372 Idcirco
1060 2311 1108 2372 ad·

117 2415 205 2476 ducor
220 2411 291 2482 fere,
304 2423 337 2470 ut
351 2408 476 2482 credam,
489 2407 602 2470 Vibium
614 2408 650 2469 de
666 2407 783 2471 lacubus
793 2408 960 2472 Simbruinis
977 2409 1108 2473 locutum

114 2510 205 2574 fuiiie.
215 2509 294 2585 Quin
309 2507 399 2567 immo
413 2504 535 2584 impellit
545 2524 612 2581 me,
628 2518 661 2569 ut
673 2509 792 2569 omnino
812 2508 842 2569 id
865 2509 996 2579 credam,
1028 2510 1107 2572 idem

117 2608 236 2672 Tacitus
250 2608 322 2668 Anu.
342 2603 405 2666 libr.
418 2603 472 2666 Xl.
489 2623 551 2682 cap.
568 2623 612 2683 ¹3·
628 2601 773 2687 Famesque
794 2626 923 2688 aquarum
948 2607 1107 2666 Simbruinis

116 2707 234 2770 collibus
254 2705 376 2763 decanos
405 2703 464 2761 arbi
497 2701 589 2762 intulit
608 2701 802 2779 (Claudius),
832 2723 865 2766 ac
890 2703 1042 2765 Frontinus
1070 2704 1107 2764 de

114 2805 235 2885 aquacd.
251 2803 336 2864 Rom.
347 2800 410 2870 libr.
424 2797 461 2862 11.
525 2799 585 2859 Nec
601 2793 675 2874 fiatis
688 2795 762 2877 fuis,
763 2799 885 2884 principi
901 2801 984 2884 nostro
1007 2817 1106 2860 cetera-

113 2925 169 2964 rum
184 2895 316 2984 restituiffe
330 2898 432 2980 copiam
438 2939 449 2967 ,
465 2891 608 2972 sedetiam
627 2897 752 2982 gratiam.
796 2897 911 2960 Anionis
924 2917 1024 2980 quoquc
1041 2897 1104 2958 noui

110 3001 182 3061 uitia
197 2994 318 3072 exscindi
330 2991 402 3078 paffe
424 2995 504 3058 uidit.
528 2982 623 3070 oniffir
643 2995 709 3054 enim
731 2995 842 3074 flumine
865 2995 948 3078 repeti
971 3017 1005 3054 ex
1024 2993 1103 3073 lacu,

111 3100 158 3180 qui
182 3098 218 3178 est
237 3090 320 3176 super
352 3093 446 3153 uillam
471 3093 653 3155 Neronianam
679 3087 881 3168 Sublacensem,
909 3093 955 3152 ubi
977 3091 1110 3175 limpidis·

106 3200 178 3277 finta
194 3197 245 3276 est,
252 3191 336 3274 juffit.
359 3194 455 3264 Nam,
469 3213 548 3271 quum
571 3191 675 3252 oriatur
691 3193 764 3252 Anio
783 3187 868 3271 supra
883 3192 991 3251 Trebam
1012 3195 1108 3273 Augu.

105 3297 177 3380 fian
186 3336 199 3363 ‚
211 3286 261 3373 fta
277 3291 340 3370 quia
346 3311 397 3371 per
410 3284 526 3366 saxosos
540 3307 638 3350 orontes
656 3290 788 3359 decurrit,
803 3291 902 3370 paucis
924 3292 996 3350 circa
1022 3287 1108 3371 ipsum

112 3389 223 3474 oppidis
240 3387 421 3473 adjacentibus
444 3387 545 3457 cultis,
570 3383 618 3465 seu
638 3389 700 3468 quia
715 3387 793 3448 lacus
817 3387 981 3463 altitudine,
1009 3389 1037 3448 in
1058 3410 1109 3469 quo

113 3488 270 3572 exciputur,
290 3484 363 3546 uelut
383 3485 544 3570 deputatur,
565 3488 752 3547 imminemiutn
771 3507 871 3568 quoque
891 3507 1022 3546 nemorum
1045 3507 1111 3568 opa-

112 3589 199 3650 citate
225 3585 418 3660 inumbrans,
456 3581 643 3670 frigidtffimus
661 3585 742 3665 firnul
770 3607 804 3644 at
833 3579 1055 3666 splendidiffimus
1082 3603 1113 3644 to

108 3683 242 3768 pervenit.
269 3693 405 3746 caussas.
451 3685 590 3765 Equidem
606 3685 654 3746 uix
679 3684 796 3760 dubito,
817 3683 886 3762 quin
904 3683 995 3742 noster
1013 3681 1111 3766 Vibius

114 3783 288 3844 Simbruinus
303 3781 380 3844 lacus
400 3785 546 3860 cogitarit,
570 3781 659 3861 iisque
679 3802 730 3860 per
756 3784 910 3846 memoriae
928 3777 1037 3856 lapsum
1067 3781 1116 3842 Ve-

111 3880 185 3944 linas
202 3879 382 3944 substituerit.
407 3880 466 3942 Nist
482 3883 597 3944 credere
619 3881 718 3953 malis,
741 3882 919 3944 librariorum
936 3877 1019 3956 culpa
1041 3877 1117 3940 er‘ru-

115 3998 180 4042 tem
204 3977 263 4040 effe
282 3994 385 4044 ortum.
431 3980 487 4042 Sed
512 3982 670 4044 constanter
695 3979 843 4040 Velinorun
875 3977 1012 4038 exhibent
1039 3976 1118 4042 codi-

481 4104 676 4178 ·o³
