2798 4710
510 269 757 390 ΜΦ

586 527 605 612 l
620 527 638 612 l
654 526 685 614 Ι.

316 697 366 784 V
360 633 445 782 ilii,
479 693 686 811 Sequeflris
743 693 940 782 editiones.

88 929 95 946 ”
137 885 294 1038 Tuals
327 949 473 1025 excusus
510 949 558 1022 est
588 947 733 1022 antehae
760 946 884 1042 septies
921 947 1051 1024 Vibius
1080 954 1139 1028 Se-

138 1071 285 1166 quester.

181 1269 213 1338 1.
238 1266 370 1338 Romae
395 1262 504 1336 edidit
518 1260 737 1347 Mazochius.
766 1265 850 1352 Quo
874 1287 988 1346 anno,
1003 1286 1076 1336 non
1094 1267 1137 1336 li.

134 1398 229 1473 quet.
246 1372 540 1452 Rariffimumelse
561 1393 700 1470 oportet
718 1375 894 1457 libellum3
920 1380 1054 1470 quippe·
1066 1401 1137 1470 quo

136 1517 200 1566 nec
221 1490 394 1566 Heffelius
412 1491 553 1564 videtur
579 1487 685 1574 ulna,
712 1514 776 1561 nec
791 1489 880 1566 mihi
898 1487 970 1564 frui
998 1492 1108 1592 licuit.
1191 1501 1194 1506 “

75 1719 76 1722 ’
183 1704 229 1775 Il.
255 1703 415 1775 Venetiis
441 1702 550 1775 Aldus
571 1725 601 1782 a.
630 1720 734 1793 1514.
762 1700 883 1775 emifit.
943 1705 1021 1777 Nec
1049 1701 1138 1776 hanc

148 1818 328 1888 editionem
353 1821 437 1888 citat
462 1813 595 1908 uspiam
611 1814 806 1898 HeffeliuS‚
839 1841 903 1888 nec
925 1816 1013 1886 mihi
1041 1840 1139 1909 repe-

141 1933 214 2002 rire
244 1954 313 2000 eam
335 1933 495 2024 contigit.
522 1931 622 2023 Apud
651 1931 876 2002 Gronovium
892 1933 931 2000 in
954 1927 1041 2001 thes.
1067 1933 1138 2004 An·
1264 1961 1265 1968 ¹

138 2047 201 2136 tiq.
222 2045 340 2122 Graec.
362 2045 443 2117 Vol.
464 2045 509 2140 ll.
531 2048 571 2116 in
592 2069 627 2121 v.
648 2045 764 2137 Caystri
801 2046 927 2116 citatur
954 2043 1078 2118 Aldina
1107 2070 1137 2118 a.
1208 2038 1210 2046 '

144 2168 248 2255 1518.
273 2155 389 2245 forsan
420 2183 482 2251 per
504 2183 668 2230 errorem.
766 2213 771 2222 .

189 2373 254 2450 111.
279 2375 476 2446 Florentiae
496 2370 662 2452 haeredes
693 2369 781 2448 Phil.
806 2372 933 2457 Juntae
970 2395 999 2449 a.
1028 2385 1141 2460 1519.

139 2488 235 2576 typis
257 2487 445 2568 excudere,
472 2503 620 2592 curante
647 2487 729 2558 Ant.
754 2485 936 2563 Frontino.
997 2487 1140 2558 Accedit

137 2597 264 2688 Pomp.
287 2601 394 2682 Mela,
425 2601 542 2687 Julius
566 2600 729 2684 Solinus,
770 2600 994 2672 Itinerarium
1031 2602 1140 2673 Anto-

25 2737 28 2742 ·
139 2715 241 2796 nini,
283 2711 320 2789 P.
351 2715 473 2788 Vidor
494 2715 535 2788 do
560 2713 777 2806 Regionibus
796 2713 843 2783 V.
876 2715 918 2786 R.
945 2712 1139 2816 Dionyfiup

15 2835 18 2840 “
137 2825 221 2900 Afer
247 2827 289 2898 de
307 2824 373 2900 satu
393 2830 508 2930 orbis,
539 2823 716 2902 Prisciano
748 2829 951 2916 interprete.

51 3099 55 3103 -
187 3041 255 3114 IV.
284 3041 448 3138 Lugduni
467 3067 509 3113 ex
519 3043 639 3134 praelo
655 3037 844 3110 haeredum
872 3039 1023 3111 Simonis
1043 3039 1138 3112 Vinss

140 3157 233 3227 tenti
255 3157 387 3248 prodiit
409 3153 438 3234 a.
465 3173 569 3246 1539.
589 3152 701 3227 forma
720 3165 751 3236 8.
776 3176 858 3224 cura
886 3149 1001 3224 nescio
1032 3156 1134 3247 cujus

140 3273 209 3342 viri
233 3270 348 3360 doni,
381 3275 544 3364 quicum
569 3272 645 3344 MS.
672 3269 840 3348 contulit,
857 3263 1032 3358 variisque
1051 3270 1138 3340 locis

142 3379 370 3476 supplevit&
397 3385 605 3464 emendavit,
670 3383 833 3476 Adjeaus
860 3379 908 3460 est
937 3383 1137 3458 Marcianus

148 3497 290 3592 Capella,
306 3499 427 3584 Itiner.
443 3499 673 3583 Antonini‚P.
690 3498 826 3587 Vilior,
841 3491 1034 3598 Dionysius
1044 3492 1139 3568 Afer.
1269 3485 1270 3490 ἵ

176 3667 232 3789 Ὺ,
256 3707 406 3784 Bafileae
445 3713 594 3787 Vibium
627 3711 806 3804 evulgavit
827 3703 896 3797 Jos.
926 3705 1092 3781 Simlerus
1112 3715 1156 3800 a..

149 3837 243 3917 1575.
268 3823 384 3900 forma
406 3845 460 3908 12.
480 3853 559 3906 cum
581 3823 747 3908 Aethico,
767 3817 940 3927 Antonini
961 3821 994 3894 ἃ
1012 3821 1140 3898 Rutilii

635 3957 670 4052 l<
692 3956 730 4051 >l
