<?xml version="1.0" encoding="UTF-8"?>
<!DOCTYPE html PUBLIC "-//W3C//DTD XHTML 1.0 Transitional//EN"
    "http://www.w3.org/TR/xhtml1/DTD/xhtml1-transitional.dtd">
<html xmlns="http://www.w3.org/1999/xhtml" xml:lang="en" lang="en">
 <head>
  <title>
</title>
<meta http-equiv="Content-Type" content="text/html;charset=utf-8" />
  <meta name='ocr-system' content='tesseract 3.04.00' />
  <meta name='ocr-capabilities' content='ocr_page ocr_carea ocr_par ocr_line ocrx_word'/>
</head>
<body>
  <div class='ocr_page' id='page_1' title='image "./vibiussequester01sequgoog_0372.png"; bbox 0 0 2836 4718; ppageno 0'>
   <div class='ocr_carea' id='block_1_1' title="bbox 209 309 1043 428">
    <p class='ocr_par' dir='ltr' id='par_1_1' title="bbox 209 309 1043 428">
     <span class='ocr_line' id='line_1_1' title="bbox 209 309 1043 428; baseline 0.002 -44"><span class='ocrx_word' id='word_1_1' title='bbox 209 315 213 326; x_wconf 87' lang='grc'><em>·</em></span> <span class='ocrx_word' id='word_1_2' title='bbox 265 323 349 428; x_wconf 74' lang='lat'>334</span> <span class='ocrx_word' id='word_1_3' title='bbox 478 311 664 384; x_wconf 72' lang='lat' dir='ltr'>norae</span> <span class='ocrx_word' id='word_1_4' title='bbox 722 309 1043 386; x_wconf 68' lang='lat' dir='ltr'>vratodum</span> 
     </span>
    </p>
   </div>
   <div class='ocr_carea' id='block_1_2' title="bbox 264 469 1270 2048">
    <p class='ocr_par' dir='ltr' id='par_1_2' title="bbox 264 469 1270 2048">
     <span class='ocr_line' id='line_1_2' title="bbox 266 469 1255 569; baseline 0.008 -22"><span class='ocrx_word' id='word_1_5' title='bbox 266 489 299 547; x_wconf 84' lang='lat' dir='ltr'>ut</span> <span class='ocrx_word' id='word_1_6' title='bbox 316 491 463 548; x_wconf 85' lang='lat' dir='ltr'>truncatus</span> <span class='ocrx_word' id='word_1_7' title='bbox 485 481 620 562; x_wconf 82' lang='lat' dir='ltr'>prodiret</span> <span class='ocrx_word' id='word_1_8' title='bbox 645 479 689 544; x_wconf 89' lang='lat' dir='ltr'>Ita</span> <span class='ocrx_word' id='word_1_9' title='bbox 709 479 738 542; x_wconf 84' lang='lat' dir='ltr'>l&#39;e</span> <span class='ocrx_word' id='word_1_10' title='bbox 755 479 843 544; x_wconf 86' lang='lat' dir='ltr'>habet</span> <span class='ocrx_word' id='word_1_11' title='bbox 860 469 1027 548; x_wconf 78' lang='lat' dir='ltr'>&amp;ineditis</span> <span class='ocrx_word' id='word_1_12' title='bbox 1046 487 1117 548; x_wconf 81' lang='lat' dir='ltr'>&amp;in</span> <span class='ocrx_word' id='word_1_13' title='bbox 1133 477 1255 569; x_wconf 71' lang='lat' dir='ltr'>scripulo.</span> 
     </span>
     <span class='ocr_line' id='line_1_3' title="bbox 264 579 1262 665; baseline 0.002 -21"><span class='ocrx_word' id='word_1_14' title='bbox 264 579 416 644; x_wconf 65' lang='lat' dir='ltr'>menalus</span> <span class='ocrx_word' id='word_1_15' title='bbox 433 582 572 644; x_wconf 73' lang='lat' dir='ltr'>Arcadiae</span> <span class='ocrx_word' id='word_1_16' title='bbox 588 582 616 641; x_wconf 79' lang='lat' dir='ltr'>in</span> <span class='ocrx_word' id='word_1_17' title='bbox 634 581 728 662; x_wconf 79' lang='lat' dir='ltr'>Tegea.</span> <span class='ocrx_word' id='word_1_18' title='bbox 752 579 797 642; x_wconf 87' lang='lat' dir='ltr'>De</span> <span class='ocrx_word' id='word_1_19' title='bbox 813 581 946 645; x_wconf 82' lang='lat' dir='ltr'>Maenala</span> <span class='ocrx_word' id='word_1_20' title='bbox 964 584 1025 664; x_wconf 90' lang='lat' dir='ltr'>ipso</span> <span class='ocrx_word' id='word_1_21' title='bbox 1043 586 1179 665; x_wconf 84' lang='lat' dir='ltr'>irrepsere</span> <span class='ocrx_word' id='word_1_22' title='bbox 1192 590 1262 654; x_wconf 73' lang='lat' dir='ltr'>mult</span> 
     </span>
     <span class='ocr_line' id='line_1_4' title="bbox 264 673 1265 766; baseline 0.006 -22"><span class='ocrx_word' id='word_1_23' title='bbox 264 695 294 744; x_wconf 86' lang='lat' dir='ltr'>ta</span> <span class='ocrx_word' id='word_1_24' title='bbox 316 683 347 744; x_wconf 90' lang='lat' dir='ltr'>ln</span> <span class='ocrx_word' id='word_1_25' title='bbox 372 701 440 746; x_wconf 89' lang='lat' dir='ltr'>eum</span> <span class='ocrx_word' id='word_1_26' title='bbox 469 682 584 755; x_wconf 87' lang='lat' dir='ltr'>locum,</span> <span class='ocrx_word' id='word_1_27' title='bbox 619 679 739 759; x_wconf 89' lang='lat' dir='ltr'>quode</span> <span class='ocrx_word' id='word_1_28' title='bbox 766 673 877 758; x_wconf 77' lang='lat' dir='ltr'>[ycaeo</span> <span class='ocrx_word' id='word_1_29' title='bbox 905 685 1057 762; x_wconf 86' lang='lat' dir='ltr'>itemquo</span> <span class='ocrx_word' id='word_1_30' title='bbox 1083 685 1120 747; x_wconf 92' lang='lat' dir='ltr'>de</span> <span class='ocrx_word' id='word_1_31' title='bbox 1147 687 1265 766; x_wconf 78' lang='lat' dir='ltr'>Cyllene</span> 
     </span>
     <span class='ocr_line' id='line_1_5' title="bbox 264 779 1264 860; baseline 0.006 -16"><span class='ocrx_word' id='word_1_32' title='bbox 264 785 378 857; x_wconf 75' lang='lat' dir='ltr'>atlum3</span> <span class='ocrx_word' id='word_1_33' title='bbox 401 796 520 860; x_wconf 88' lang='lat' dir='ltr'>uterque</span> <span class='ocrx_word' id='word_1_34' title='bbox 535 781 613 842; x_wconf 86' lang='lat' dir='ltr'>enim</span> <span class='ocrx_word' id='word_1_35' title='bbox 628 780 763 842; x_wconf 79' lang='lat' dir='ltr'>Arcadiae</span> <span class='ocrx_word' id='word_1_36' title='bbox 774 779 838 843; x_wconf 88' lang='lat' dir='ltr'>fult.</span> <span class='ocrx_word' id='word_1_37' title='bbox 862 779 897 842; x_wconf 91' lang='lat' dir='ltr'>ln</span> <span class='ocrx_word' id='word_1_38' title='bbox 911 783 1076 846; x_wconf 89' lang='lat' dir='ltr'>universum</span> <span class='ocrx_word' id='word_1_39' title='bbox 1087 785 1160 848; x_wconf 85' lang='lat' dir='ltr'>haec</span> <span class='ocrx_word' id='word_1_40' title='bbox 1170 789 1264 850; x_wconf 84' lang='lat' dir='ltr'>omnis</span> 
     </span>
     <span class='ocr_line' id='line_1_6' title="bbox 266 879 1264 963; baseline 0.005 -21"><span class='ocrx_word' id='word_1_41' title='bbox 266 884 344 960; x_wconf 71' lang='lat' dir='ltr'>regio</span> <span class='ocrx_word' id='word_1_42' title='bbox 366 881 513 944; x_wconf 86' lang='lat' dir='ltr'>montibus</span> <span class='ocrx_word' id='word_1_43' title='bbox 530 879 637 944; x_wconf 77' lang='lat' dir='ltr'>consuta</span> <span class='ocrx_word' id='word_1_44' title='bbox 657 879 731 954; x_wconf 79' lang='lat' dir='ltr'>fuit,</span> <span class='ocrx_word' id='word_1_45' title='bbox 758 879 827 940; x_wconf 85' lang='lat' dir='ltr'>teste</span> <span class='ocrx_word' id='word_1_46' title='bbox 846 879 986 942; x_wconf 84' lang='lat' dir='ltr'>Strabone</span> <span class='ocrx_word' id='word_1_47' title='bbox 1005 882 1037 946; x_wconf 91' lang='lat' dir='ltr'>L.</span> <span class='ocrx_word' id='word_1_48' title='bbox 1057 883 1137 946; x_wconf 90' lang='lat' dir='ltr'>Vlll.</span> <span class='ocrx_word' id='word_1_49' title='bbox 1149 905 1178 962; x_wconf 61' lang='lat' dir='ltr'>pt</span> <span class='ocrx_word' id='word_1_50' title='bbox 1195 897 1264 963; x_wconf 70' lang='lat'>388.</span> 
     </span>
     <span class='ocr_line' id='line_1_7' title="bbox 266 977 1264 1058; baseline 0.005 -16"><span class='ocrx_word' id='word_1_51' title='bbox 266 980 317 1042; x_wconf 87' lang='lat' dir='ltr'>ubi</span> <span class='ocrx_word' id='word_1_52' title='bbox 339 977 491 1042; x_wconf 83' lang='lat' dir='ltr'>interillos</span> <span class='ocrx_word' id='word_1_53' title='bbox 513 978 641 1042; x_wconf 74' lang='lat' dir='ltr'>recenset</span> <span class='ocrx_word' id='word_1_54' title='bbox 662 977 885 1042; x_wconf 75' lang='lat' dir='ltr'>&amp;Maenalum</span> <span class='ocrx_word' id='word_1_55' title='bbox 930 980 1264 1058; x_wconf 78' lang='lat' dir='ltr'>Cognominemurbem&#39;</span> 
     </span>
     <span class='ocr_line' id='line_1_8' title="bbox 267 1075 1267 1158; baseline 0.004 -18"><span class='ocrx_word' id='word_1_56' title='bbox 267 1078 438 1141; x_wconf 72' lang='lat' dir='ltr'>intercidisse</span> <span class='ocrx_word' id='word_1_57' title='bbox 464 1093 532 1141; x_wconf 88' lang='lat' dir='ltr'>ante</span> <span class='ocrx_word' id='word_1_58' title='bbox 550 1078 599 1142; x_wconf 89' lang='lat' dir='ltr'>sua</span> <span class='ocrx_word' id='word_1_59' title='bbox 616 1089 747 1155; x_wconf 88' lang='lat' dir='ltr'>tempora</span> <span class='ocrx_word' id='word_1_60' title='bbox 764 1075 867 1139; x_wconf 86' lang='lat' dir='ltr'>scribit.</span> <span class='ocrx_word' id='word_1_61' title='bbox 892 1077 1017 1158; x_wconf 71' lang='lat' dir='ltr'>Tegeam</span> <span class='ocrx_word' id='word_1_62' title='bbox 1039 1095 1140 1144; x_wconf 88' lang='lat' dir='ltr'>contra</span> <span class='ocrx_word' id='word_1_63' title='bbox 1159 1084 1267 1144; x_wconf 87' lang='lat' dir='ltr'>medio·-</span> 
     </span>
     <span class='ocr_line' id='line_1_9' title="bbox 268 1174 1265 1259; baseline 0.004 -21"><span class='ocrx_word' id='word_1_64' title='bbox 268 1179 352 1242; x_wconf 87' lang='lat' dir='ltr'>criter</span> <span class='ocrx_word' id='word_1_65' title='bbox 372 1178 523 1242; x_wconf 81' lang='lat' dir='ltr'>subsistere.</span> <span class='ocrx_word' id='word_1_66' title='bbox 548 1177 642 1254; x_wconf 88' lang='lat' dir='ltr'>Hujus</span> <span class='ocrx_word' id='word_1_67' title='bbox 657 1174 882 1254; x_wconf 72' lang='lat' dir='ltr'>frequentissime</span> <span class='ocrx_word' id='word_1_68' title='bbox 904 1179 1060 1240; x_wconf 84' lang='lat' dir='ltr'>meminere</span> <span class='ocrx_word' id='word_1_69' title='bbox 1088 1179 1265 1259; x_wconf 85' lang='lat' dir='ltr'>Polybius&amp;</span> 
     </span>
     <span class='ocr_line' id='line_1_10' title="bbox 267 1274 1266 1360; baseline 0.001 -21"><span class='ocrx_word' id='word_1_70' title='bbox 267 1277 374 1340; x_wconf 82' lang='lat' dir='ltr'>Livius.</span> <span class='ocrx_word' id='word_1_71' title='bbox 399 1279 442 1342; x_wconf 79' lang='lat' dir='ltr'>Ab</span> <span class='ocrx_word' id='word_1_72' title='bbox 459 1277 519 1356; x_wconf 91' lang='lat' dir='ltr'>ipso</span> <span class='ocrx_word' id='word_1_73' title='bbox 541 1277 625 1339; x_wconf 85' lang='lat' dir='ltr'>Vibio</span> <span class='ocrx_word' id='word_1_74' title='bbox 642 1274 773 1338; x_wconf 89' lang='lat' dir='ltr'>adsutum</span> <span class='ocrx_word' id='word_1_75' title='bbox 786 1275 821 1360; x_wconf 64' lang='lat' dir='ltr'>ld</span> <span class='ocrx_word' id='word_1_76' title='bbox 851 1275 879 1336; x_wconf 84' lang='lat' dir='ltr'>in</span> <span class='ocrx_word' id='word_1_77' title='bbox 904 1275 991 1360; x_wconf 79' lang='lat' dir='ltr'>Tegea</span> <span class='ocrx_word' id='word_1_78' title='bbox 1013 1275 1109 1340; x_wconf 87' lang='lat' dir='ltr'>nullus</span> <span class='ocrx_word' id='word_1_79' title='bbox 1131 1277 1266 1358; x_wconf 79' lang='lat' dir='ltr'>equidem</span> 
     </span>
     <span class='ocr_line' id='line_1_11' title="bbox 270 1367 1264 1456; baseline -0.002 -20"><span class='ocrx_word' id='word_1_80' title='bbox 270 1375 380 1440; x_wconf 88' lang='lat' dir='ltr'>dubito.</span> <span class='ocrx_word' id='word_1_81' title='bbox 405 1375 489 1438; x_wconf 86' lang='lat' dir='ltr'>Ratio</span> <span class='ocrx_word' id='word_1_82' title='bbox 508 1376 544 1437; x_wconf 88' lang='lat' dir='ltr'>ab</span> <span class='ocrx_word' id='word_1_83' title='bbox 575 1367 698 1438; x_wconf 84' lang='lat' dir='ltr'>Hellelio</span> <span class='ocrx_word' id='word_1_84' title='bbox 730 1375 842 1436; x_wconf 76' lang='lat' dir='ltr'>deteila</span> <span class='ocrx_word' id='word_1_85' title='bbox 874 1393 935 1437; x_wconf 90' lang='lat' dir='ltr'>rem</span> <span class='ocrx_word' id='word_1_86' title='bbox 962 1375 1003 1438; x_wconf 88' lang='lat' dir='ltr'>sat</span> <span class='ocrx_word' id='word_1_87' title='bbox 1030 1376 1136 1438; x_wconf 88' lang='lat' dir='ltr'>claram</span> <span class='ocrx_word' id='word_1_88' title='bbox 1162 1381 1264 1456; x_wconf 87' lang='lat' dir='ltr'>reddit.</span> 
     </span>
     <span class='ocr_line' id='line_1_12' title="bbox 269 1473 1269 1554; baseline 0.004 -18"><span class='ocrx_word' id='word_1_89' title='bbox 269 1477 333 1536; x_wconf 85' lang='lat' dir='ltr'>Nec</span> <span class='ocrx_word' id='word_1_90' title='bbox 352 1475 391 1535; x_wconf 89' lang='lat' dir='ltr'>est</span> <span class='ocrx_word' id='word_1_91' title='bbox 412 1495 501 1538; x_wconf 86' lang='lat' dir='ltr'>ovum</span> <span class='ocrx_word' id='word_1_92' title='bbox 521 1494 604 1549; x_wconf 87' lang='lat' dir='ltr'>ovo,</span> <span class='ocrx_word' id='word_1_93' title='bbox 627 1494 713 1554; x_wconf 89' lang='lat' dir='ltr'>quam</span> <span class='ocrx_word' id='word_1_94' title='bbox 732 1473 780 1536; x_wconf 89' lang='lat' dir='ltr'>hic</span> <span class='ocrx_word' id='word_1_95' title='bbox 802 1492 880 1535; x_wconf 84' lang='lat' dir='ltr'>error</span> <span class='ocrx_word' id='word_1_96' title='bbox 905 1474 1040 1536; x_wconf 75' lang='lat' dir='ltr'>Vibienus</span> <span class='ocrx_word' id='word_1_97' title='bbox 1073 1475 1199 1539; x_wconf 90' lang='lat' dir='ltr'>Vibianis</span> <span class='ocrx_word' id='word_1_98' title='bbox 1222 1495 1269 1540; x_wconf 65' lang='lat' dir='ltr'>er.</span> 
     </span>
     <span class='ocr_line' id='line_1_13' title="bbox 269 1572 1265 1650; baseline 0.007 -18"><span class='ocrx_word' id='word_1_99' title='bbox 269 1574 379 1645; x_wconf 84' lang='lat' dir='ltr'>roribus</span> <span class='ocrx_word' id='word_1_100' title='bbox 403 1573 481 1649; x_wconf 85' lang='lat' dir='ltr'>aliis,</span> <span class='ocrx_word' id='word_1_101' title='bbox 505 1573 629 1636; x_wconf 76' lang='lat' dir='ltr'>similius.</span> <span class='ocrx_word' id='word_1_102' title='bbox 653 1572 750 1634; x_wconf 85' lang='lat' dir='ltr'>Abeo</span> <span class='ocrx_word' id='word_1_103' title='bbox 774 1586 894 1650; x_wconf 88' lang='lat' dir='ltr'>peccato</span> <span class='ocrx_word' id='word_1_104' title='bbox 914 1573 963 1634; x_wconf 87' lang='lat' dir='ltr'>srbi</span> <span class='ocrx_word' id='word_1_105' title='bbox 991 1577 1066 1637; x_wconf 88' lang='lat' dir='ltr'>cavit</span> <span class='ocrx_word' id='word_1_106' title='bbox 1092 1575 1265 1649; x_wconf 55' lang='lat' dir='ltr'>boccacium</span> 
     </span>
     <span class='ocr_line' id='line_1_14' title="bbox 268 1671 1267 1750; baseline 0 -18"><span class='ocrx_word' id='word_1_107' title='bbox 268 1671 318 1733; x_wconf 88' lang='lat' dir='ltr'>sed</span> <span class='ocrx_word' id='word_1_108' title='bbox 338 1674 368 1734; x_wconf 90' lang='lat' dir='ltr'>in</span> <span class='ocrx_word' id='word_1_109' title='bbox 381 1671 456 1736; x_wconf 89' lang='lat' dir='ltr'>aliud</span> <span class='ocrx_word' id='word_1_110' title='bbox 472 1672 623 1735; x_wconf 89' lang='lat' dir='ltr'>ridiculum</span> <span class='ocrx_word' id='word_1_111' title='bbox 639 1671 751 1750; x_wconf 83' lang='lat' dir='ltr'>prorsus</span> <span class='ocrx_word' id='word_1_112' title='bbox 766 1692 832 1734; x_wconf 89' lang='lat' dir='ltr'>cum</span> <span class='ocrx_word' id='word_1_113' title='bbox 849 1672 948 1734; x_wconf 84' lang='lat' dir='ltr'>Servio</span> <span class='ocrx_word' id='word_1_114' title='bbox 960 1675 1024 1736; x_wconf 89' lang='lat' dir='ltr'>ruit.</span> <span class='ocrx_word' id='word_1_115' title='bbox 1055 1674 1099 1737; x_wconf 89' lang='lat' dir='ltr'>lta</span> <span class='ocrx_word' id='word_1_116' title='bbox 1115 1673 1180 1737; x_wconf 90' lang='lat' dir='ltr'>llle:</span> <span class='ocrx_word' id='word_1_117' title='bbox 1201 1677 1267 1738; x_wconf 85' lang='lat' dir='ltr'>Me.</span> 
     </span>
     <span class='ocr_line' id='line_1_15' title="bbox 270 1763 1266 1856; baseline -0.001 -22"><span class='ocrx_word' id='word_1_118' title='bbox 270 1773 350 1834; x_wconf 82' lang='lat' dir='ltr'>rralus</span> <span class='ocrx_word' id='word_1_119' title='bbox 372 1772 512 1834; x_wconf 74' lang='lat' dir='ltr'>Arcadiae</span> <span class='ocrx_word' id='word_1_120' title='bbox 531 1793 606 1832; x_wconf 82' lang='lat' dir='ltr'>mores</span> <span class='ocrx_word' id='word_1_121' title='bbox 621 1772 655 1854; x_wconf 77' lang='lat' dir='ltr'>est</span> <span class='ocrx_word' id='word_1_122' title='bbox 671 1763 818 1846; x_wconf 84' lang='lat' dir='ltr'>excelsus;</span> <span class='ocrx_word' id='word_1_123' title='bbox 836 1771 878 1849; x_wconf 80' lang='lat' dir='ltr'>fic</span> <span class='ocrx_word' id='word_1_124' title='bbox 900 1771 985 1830; x_wconf 73' lang='lat' dir='ltr'>ditius</span> <span class='ocrx_word' id='word_1_125' title='bbox 1003 1773 1039 1832; x_wconf 88' lang='lat' dir='ltr'>ab</span> <span class='ocrx_word' id='word_1_126' title='bbox 1055 1771 1174 1848; x_wconf 76' lang='lat' dir='ltr'>ouibus,</span> <span class='ocrx_word' id='word_1_127' title='bbox 1199 1795 1266 1856; x_wconf 82' lang='lat' dir='ltr'>qua-</span> 
     </span>
     <span class='ocr_line' id='line_1_16' title="bbox 270 1869 1268 1956; baseline 0.002 -22"><span class='ocrx_word' id='word_1_128' title='bbox 270 1873 436 1956; x_wconf 81' lang='lat' dir='ltr'>rumpimus</span> <span class='ocrx_word' id='word_1_129' title='bbox 451 1873 494 1955; x_wconf 70' lang='lat' dir='ltr'>esi.</span> <span class='ocrx_word' id='word_1_130' title='bbox 539 1873 614 1932; x_wconf 88' lang='lat' dir='ltr'>Nam</span> <span class='ocrx_word' id='word_1_131' title='bbox 632 1869 701 1930; x_wconf 79' lang='lat' dir='ltr'>mela</span> <span class='ocrx_word' id='word_1_132' title='bbox 733 1872 833 1930; x_wconf 80' lang='lat' dir='ltr'>Graece</span> <span class='ocrx_word' id='word_1_133' title='bbox 855 1869 953 1930; x_wconf 83' lang='lat' dir='ltr'>Latine</span> <span class='ocrx_word' id='word_1_134' title='bbox 973 1871 1041 1931; x_wconf 81' lang='lat' dir='ltr'>ovis.</span> <span class='ocrx_word' id='word_1_135' title='bbox 1057 1871 1183 1951; x_wconf 26' lang='lat' dir='ltr'>‘Eodem</span> <span class='ocrx_word' id='word_1_136' title='bbox 1204 1875 1268 1948; x_wconf 80' lang='lat' dir='ltr'>jure</span> 
     </span>
     <span class='ocr_line' id='line_1_17' title="bbox 272 1967 1270 2048; baseline 0 -14"><span class='ocrx_word' id='word_1_137' title='bbox 272 1990 339 2034; x_wconf 90' lang='lat' dir='ltr'>cum</span> <span class='ocrx_word' id='word_1_138' title='bbox 363 1974 478 2033; x_wconf 70' lang='lat' dir='ltr'>auclore</span> <span class='ocrx_word' id='word_1_139' title='bbox 502 1969 662 2047; x_wconf 89' lang='lat' dir='ltr'>breviloqui</span> <span class='ocrx_word' id='word_1_140' title='bbox 690 1967 825 2028; x_wconf 83' lang='lat' dir='ltr'>diabolum</span> <span class='ocrx_word' id='word_1_141' title='bbox 861 1969 1003 2032; x_wconf 84' lang='lat' dir='ltr'>derivares</span> <span class='ocrx_word' id='word_1_142' title='bbox 1036 1989 1073 2032; x_wconf 82' lang='lat' dir='ltr'>ex</span> <span class='ocrx_word' id='word_1_143' title='bbox 1097 1971 1162 2048; x_wconf 84' lang='lat' dir='ltr'>dia,</span> <span class='ocrx_word' id='word_1_144' title='bbox 1191 1972 1270 2044; x_wconf 71' lang='lat' dir='ltr'>duo,</span> 
     </span>
    </p>
   </div>
   <div class='ocr_carea' id='block_1_3' title="bbox 273 2061 909 2276">
    <p class='ocr_par' dir='ltr' id='par_1_3' title="bbox 273 2061 909 2276">
     <span class='ocr_line' id='line_1_18' title="bbox 273 2061 909 2164; baseline -0.002 -33"><span class='ocrx_word' id='word_1_145' title='bbox 273 2083 307 2131; x_wconf 88' lang='lat' dir='ltr'>ut</span> <span class='ocrx_word' id='word_1_146' title='bbox 327 2069 406 2145; x_wconf 82' lang='lat' dir='ltr'>vult,</span> <span class='ocrx_word' id='word_1_147' title='bbox 430 2071 458 2131; x_wconf 74' lang='grc' dir='ltr'>δι</span> <span class='ocrx_word' id='word_1_148' title='bbox 483 2068 569 2130; x_wconf 82' lang='lat' dir='ltr'>bolus.</span> <span class='ocrx_word' id='word_1_149' title='bbox 612 2068 650 2131; x_wconf 90' lang='lat' dir='ltr'>O.</span> <span class='ocrx_word' id='word_1_150' title='bbox 688 2157 693 2164; x_wconf 13' lang='grc' dir='ltr'><strong><em>ἢ</em></strong></span> <span class='ocrx_word' id='word_1_151' title='bbox 871 2061 909 2150; x_wconf 72' lang='lat'>0</span> 
     </span>
     <span class='ocr_line' id='line_1_19' title="bbox 671 2187 859 2276; baseline 0.016 -2"><span class='ocrx_word' id='word_1_152' title='bbox 671 2187 859 2276; x_wconf 76' lang='lat' dir='ltr'>Massicus</span> 
     </span>
    </p>
   </div>
   <div class='ocr_carea' id='block_1_4' title="bbox 315 2385 1193 2484">
    <p class='ocr_par' dir='ltr' id='par_1_4' title="bbox 315 2385 1193 2484">
     <span class='ocr_line' id='line_1_20' title="bbox 315 2385 1193 2484; baseline 0.009 -34"><span class='ocrx_word' id='word_1_153' title='bbox 315 2387 493 2466; x_wconf 86' lang='lat' dir='ltr'>Cruquianus</span> <span class='ocrx_word' id='word_1_154' title='bbox 509 2397 653 2450; x_wconf 82' lang='lat' dir='ltr'>enarrator</span> <span class='ocrx_word' id='word_1_155' title='bbox 672 2387 783 2484; x_wconf 86' lang='lat' dir='ltr'>Horatii</span> <span class='ocrx_word' id='word_1_156' title='bbox 799 2390 835 2452; x_wconf 88' lang='lat' dir='ltr'>ad</span> <span class='ocrx_word' id='word_1_157' title='bbox 852 2389 884 2452; x_wconf 89' lang='lat' dir='ltr'>L.</span> <span class='ocrx_word' id='word_1_158' title='bbox 902 2387 925 2453; x_wconf 85' lang='lat' dir='ltr'>l.</span> <span class='ocrx_word' id='word_1_159' title='bbox 947 2385 1024 2451; x_wconf 84' lang='lat' dir='ltr'>oden</span> <span class='ocrx_word' id='word_1_160' title='bbox 1038 2389 1062 2452; x_wconf 92' lang='lat' dir='ltr'>I.</span> <span class='ocrx_word' id='word_1_161' title='bbox 1091 2411 1122 2461; x_wconf 81' lang='lat' dir='ltr'>v.</span> <span class='ocrx_word' id='word_1_162' title='bbox 1146 2407 1193 2472; x_wconf 69' lang='lat'>19.</span> 
     </span>
    </p>
   </div>
   <div class='ocr_carea' id='block_1_5' title="bbox 278 2512 1008 2794">
    <p class='ocr_par' dir='ltr' id='par_1_5' title="bbox 278 2512 1008 2794">
     <span class='ocr_line' id='line_1_21' title="bbox 399 2512 1008 2610; baseline 0.003 -38"><span class='ocrx_word' id='word_1_163' title='bbox 399 2512 447 2595; x_wconf 71' lang='lat' dir='ltr'>Est</span> <span class='ocrx_word' id='word_1_164' title='bbox 467 2512 516 2598; x_wconf 74' lang='lat' dir='ltr'>qni</span> <span class='ocrx_word' id='word_1_165' title='bbox 542 2532 589 2572; x_wconf 81' lang='lat' dir='ltr'>nec</span> <span class='ocrx_word' id='word_1_166' title='bbox 612 2513 710 2573; x_wconf 81' lang='lat' dir='ltr'>veteris</span> <span class='ocrx_word' id='word_1_167' title='bbox 727 2515 829 2595; x_wconf 80' lang='lat' dir='ltr'>pocula</span> <span class='ocrx_word' id='word_1_168' title='bbox 851 2512 963 2591; x_wconf 84' lang='lat' dir='ltr'>Maffict&#39;</span> <span class='ocrx_word' id='word_1_169' title='bbox 1006 2602 1008 2610; x_wconf 21' lang='lat' dir='ltr'>y</span> 
     </span>
     <span class='ocr_line' id='line_1_22' title="bbox 278 2610 940 2696; baseline -0.002 -23"><span class='ocrx_word' id='word_1_170' title='bbox 278 2671 281 2678; x_wconf 86' lang='grc'><strong>,</strong></span> <span class='ocrx_word' id='word_1_171' title='bbox 399 2614 460 2673; x_wconf 87' lang='lat' dir='ltr'>Nec</span> <span class='ocrx_word' id='word_1_172' title='bbox 484 2630 590 2696; x_wconf 83' lang='lat' dir='ltr'>partem</span> <span class='ocrx_word' id='word_1_173' title='bbox 606 2610 697 2687; x_wconf 72' lang='lat' dir='ltr'>solida</span> <span class='ocrx_word' id='word_1_174' title='bbox 720 2615 818 2674; x_wconf 83' lang='lat' dir='ltr'>demere</span> <span class='ocrx_word' id='word_1_175' title='bbox 843 2616 876 2672; x_wconf 87' lang='lat' dir='ltr'>de</span> <span class='ocrx_word' id='word_1_176' title='bbox 897 2614 940 2673; x_wconf 83' lang='lat' dir='ltr'>die</span> 
     </span>
     <span class='ocr_line' id='line_1_23' title="bbox 401 2712 841 2794; baseline 0.005 -23"><span class='ocrx_word' id='word_1_177' title='bbox 401 2712 508 2794; x_wconf 77' lang='lat' dir='ltr'>Spernit</span> <span class='ocrx_word' id='word_1_178' title='bbox 547 2749 561 2766; x_wconf 92' lang='lat'><strong>·</strong></span> <span class='ocrx_word' id='word_1_179' title='bbox 642 2742 656 2756; x_wconf 93' lang='lat'>·</span> <span class='ocrx_word' id='word_1_180' title='bbox 736 2749 748 2766; x_wconf 88' lang='lat'><strong>·</strong></span> <span class='ocrx_word' id='word_1_181' title='bbox 829 2743 841 2758; x_wconf 90' lang='lat'><strong>·</strong></span> 
     </span>
    </p>
   </div>
   <div class='ocr_carea' id='block_1_6' title="bbox 271 2831 1276 3714">
    <p class='ocr_par' dir='ltr' id='par_1_6' title="bbox 271 2831 1276 3619">
     <span class='ocr_line' id='line_1_24' title="bbox 273 2831 1269 2921; baseline 0.004 -18"><span class='ocrx_word' id='word_1_182' title='bbox 273 2841 330 2903; x_wconf 86' lang='lat' dir='ltr'>lta:</span> <span class='ocrx_word' id='word_1_183' title='bbox 353 2836 485 2915; x_wconf 83' lang='lat' dir='ltr'>Mafficus</span> <span class='ocrx_word' id='word_1_184' title='bbox 508 2855 582 2898; x_wconf 86' lang='lat' dir='ltr'>mons</span> <span class='ocrx_word' id='word_1_185' title='bbox 601 2837 635 2918; x_wconf 77' lang='lat' dir='ltr'>est</span> <span class='ocrx_word' id='word_1_186' title='bbox 656 2835 836 2918; x_wconf 84' lang='lat' dir='ltr'>Campaniae,</span> <span class='ocrx_word' id='word_1_187' title='bbox 854 2839 899 2897; x_wconf 86' lang='lat' dir='ltr'>ubi</span> <span class='ocrx_word' id='word_1_188' title='bbox 913 2839 1014 2921; x_wconf 84' lang='lat' dir='ltr'>optima</span> <span class='ocrx_word' id='word_1_189' title='bbox 1034 2831 1099 2901; x_wconf 78' lang='lat' dir='ltr'>uina</span> <span class='ocrx_word' id='word_1_190' title='bbox 1112 2838 1269 2918; x_wconf 67' lang='lat' dir='ltr'>nascunrun</span> 
     </span>
     <span class='ocr_line' id='line_1_25' title="bbox 274 2934 1272 3024; baseline 0.006 -24"><span class='ocrx_word' id='word_1_191' title='bbox 274 2939 314 3003; x_wconf 81' lang='lat' dir='ltr'>cs.</span> <span class='ocrx_word' id='word_1_192' title='bbox 334 2939 363 2998; x_wconf 73' lang='lat' dir='ltr'>bt</span> <span class='ocrx_word' id='word_1_193' title='bbox 382 2937 496 2998; x_wconf 84' lang='lat' dir='ltr'>Servius</span> <span class='ocrx_word' id='word_1_194' title='bbox 516 2936 553 2996; x_wconf 87' lang='lat' dir='ltr'>ad</span> <span class='ocrx_word' id='word_1_195' title='bbox 572 2934 678 3014; x_wconf 85' lang='lat' dir='ltr'>Virgilii</span> <span class='ocrx_word' id='word_1_196' title='bbox 693 2937 797 3014; x_wconf 85' lang='lat' dir='ltr'>Georg.</span> <span class='ocrx_word' id='word_1_197' title='bbox 813 2937 845 3000; x_wconf 75' lang='lat' dir='ltr'>l..</span> <span class='ocrx_word' id='word_1_198' title='bbox 867 2936 918 2999; x_wconf 91' lang='lat' dir='ltr'>lll.</span> <span class='ocrx_word' id='word_1_199' title='bbox 939 2938 1009 3000; x_wconf 79' lang='lat' dir='ltr'>vers.-</span> <span class='ocrx_word' id='word_1_200' title='bbox 1026 2949 1093 3012; x_wconf 85' lang='lat'>526.</span> <span class='ocrx_word' id='word_1_201' title='bbox 1118 2941 1207 3024; x_wconf 83' lang='lat' dir='ltr'>Atqui</span> <span class='ocrx_word' id='word_1_202' title='bbox 1220 2959 1272 3005; x_wconf 84' lang='lat' dir='ltr'>nort</span> 
     </span>
     <span class='ocr_line' id='line_1_26' title="bbox 276 3031 1273 3117; baseline 0.003 -23"><span class='ocrx_word' id='word_1_203' title='bbox 276 3034 397 3113; x_wconf 82' lang='lat' dir='ltr'>Maffiea</span> <span class='ocrx_word' id='word_1_204' title='bbox 417 3034 519 3095; x_wconf 84' lang='lat' dir='ltr'>Bacclti</span> <span class='ocrx_word' id='word_1_205' title='bbox 536 3033 681 3112; x_wconf 81' lang='lat' dir='ltr'>Munera)</span> <span class='ocrx_word' id='word_1_206' title='bbox 707 3035 778 3098; x_wconf 84' lang='lat' dir='ltr'>Vina</span> <span class='ocrx_word' id='word_1_207' title='bbox 788 3031 909 3117; x_wconf 82' lang='lat' dir='ltr'>pretiosa</span> <span class='ocrx_word' id='word_1_208' title='bbox 931 3036 1079 3116; x_wconf 77' lang='lat' dir='ltr'>dMaffico</span> <span class='ocrx_word' id='word_1_209' title='bbox 1094 3059 1180 3100; x_wconf 86' lang='lat' dir='ltr'>monte</span> <span class='ocrx_word' id='word_1_210' title='bbox 1193 3043 1273 3102; x_wconf 84' lang='lat' dir='ltr'>Cam.</span> 
     </span>
     <span class='ocr_line' id='line_1_27' title="bbox 271 3133 1273 3223; baseline 0.009 -31"><span class='ocrx_word' id='word_1_211' title='bbox 271 3135 381 3217; x_wconf 81' lang='lat' dir='ltr'>pariae.</span> <span class='ocrx_word' id='word_1_212' title='bbox 405 3133 441 3194; x_wconf 89' lang='lat' dir='ltr'>ad</span> <span class='ocrx_word' id='word_1_213' title='bbox 461 3134 531 3195; x_wconf 83' lang='lat' dir='ltr'>Aen.</span> <span class='ocrx_word' id='word_1_214' title='bbox 555 3133 586 3196; x_wconf 75' lang='lat'>1..</span> <span class='ocrx_word' id='word_1_215' title='bbox 606 3133 669 3195; x_wconf 85' lang='lat' dir='ltr'>Vll.</span> <span class='ocrx_word' id='word_1_216' title='bbox 694 3133 763 3196; x_wconf 86' lang='lat' dir='ltr'>vers.</span> <span class='ocrx_word' id='word_1_217' title='bbox 789 3153 857 3214; x_wconf 79' lang='lat'>725.</span> <span class='ocrx_word' id='word_1_218' title='bbox 884 3135 957 3218; x_wconf 85' lang='lat' dir='ltr'>rapit</span> <span class='ocrx_word' id='word_1_219' title='bbox 977 3137 1116 3218; x_wconf 89' lang='lat' dir='ltr'>populor)</span> <span class='ocrx_word' id='word_1_220' title='bbox 1159 3143 1273 3223; x_wconf 82' lang='lat' dir='ltr'>Raptim</span> 
     </span>
     <span class='ocr_line' id='line_1_28' title="bbox 276 3231 1274 3316; baseline 0.004 -21"><span class='ocrx_word' id='word_1_221' title='bbox 276 3233 399 3295; x_wconf 75' lang='lat' dir='ltr'>adducit.</span> <span class='ocrx_word' id='word_1_222' title='bbox 421 3231 516 3291; x_wconf 83' lang='lat' dir='ltr'>Etiam</span> <span class='ocrx_word' id='word_1_223' title='bbox 538 3232 699 3314; x_wconf 76' lang='lat' dir='ltr'>Campaniae</span> <span class='ocrx_word' id='word_1_224' title='bbox 714 3233 776 3293; x_wconf 86' lang='lat' dir='ltr'>loca</span> <span class='ocrx_word' id='word_1_225' title='bbox 802 3252 992 3296; x_wconf 84' lang='lat' dir='ltr'>commemorat.</span> <span class='ocrx_word' id='word_1_226' title='bbox 1034 3237 1109 3295; x_wconf 89' lang='lat' dir='ltr'>Nam</span> <span class='ocrx_word' id='word_1_227' title='bbox 1136 3237 1274 3316; x_wconf 85' lang='lat' dir='ltr'>Mafflcue</span> 
     </span>
     <span class='ocr_line' id='line_1_29' title="bbox 276 3331 1276 3416; baseline 0 -20"><span class='ocrx_word' id='word_1_228' title='bbox 276 3354 351 3397; x_wconf 84' lang='lat' dir='ltr'>mores</span> <span class='ocrx_word' id='word_1_229' title='bbox 370 3334 405 3416; x_wconf 80' lang='lat' dir='ltr'>est</span> <span class='ocrx_word' id='word_1_230' title='bbox 426 3333 527 3394; x_wconf 71' lang='lat' dir='ltr'>onibus</span> <span class='ocrx_word' id='word_1_231' title='bbox 552 3331 659 3413; x_wconf 88' lang='lat' dir='ltr'>plenus.</span> <span class='ocrx_word' id='word_1_232' title='bbox 685 3332 801 3410; x_wconf 83' lang='lat' dir='ltr'>Maffica</span> <span class='ocrx_word' id='word_1_233' title='bbox 826 3351 916 3392; x_wconf 86' lang='lat' dir='ltr'>aurem</span> <span class='ocrx_word' id='word_1_234' title='bbox 946 3333 1036 3410; x_wconf 67' lang='lat' dir='ltr'>dixit,</span> <span class='ocrx_word' id='word_1_235' title='bbox 1066 3352 1098 3393; x_wconf 86' lang='lat' dir='ltr'>ut</span> <span class='ocrx_word' id='word_1_236' title='bbox 1123 3336 1276 3406; x_wconf 52' lang='lat' dir='ltr'>Maenala.</span> 
     </span>
     <span class='ocr_line' id='line_1_30' title="bbox 279 3430 1275 3512; baseline -0.007 -13"><span class='ocrx_word' id='word_1_237' title='bbox 279 3439 306 3500; x_wconf 73' lang='lat' dir='ltr'>it</span> <span class='ocrx_word' id='word_1_238' title='bbox 324 3435 361 3496; x_wconf 89' lang='lat' dir='ltr'>ad</span> <span class='ocrx_word' id='word_1_239' title='bbox 382 3434 484 3512; x_wconf 87' lang='lat' dir='ltr'>Georg.</span> <span class='ocrx_word' id='word_1_240' title='bbox 503 3431 533 3494; x_wconf 88' lang='lat' dir='ltr'>L.</span> <span class='ocrx_word' id='word_1_241' title='bbox 550 3430 586 3493; x_wconf 91' lang='lat' dir='ltr'>ll.</span> <span class='ocrx_word' id='word_1_242' title='bbox 614 3431 682 3494; x_wconf 78' lang='lat' dir='ltr'>vers</span> <span class='ocrx_word' id='word_1_243' title='bbox 705 3453 770 3509; x_wconf 86' lang='lat'>143·</span> <span class='ocrx_word' id='word_1_244' title='bbox 794 3431 924 3510; x_wconf 85' lang='lat' dir='ltr'>Mafficus</span> <span class='ocrx_word' id='word_1_245' title='bbox 946 3433 1060 3510; x_wconf 77' lang='lat' dir='ltr'>scurror)</span> <span class='ocrx_word' id='word_1_246' title='bbox 1086 3434 1183 3495; x_wconf 84' lang='lat' dir='ltr'>Vinum</span> <span class='ocrx_word' id='word_1_247' title='bbox 1191 3434 1275 3504; x_wconf 74' lang='lat' dir='ltr'>sam-3</span> 
     </span>
     <span class='ocr_line' id='line_1_31' title="bbox 274 3529 845 3619; baseline -0.004 -24"><span class='ocrx_word' id='word_1_248' title='bbox 274 3555 375 3619; x_wconf 87' lang='lat' dir='ltr'>panum</span> <span class='ocrx_word' id='word_1_249' title='bbox 398 3555 417 3592; x_wconf 87' lang='lat' dir='ltr'>a</span> <span class='ocrx_word' id='word_1_250' title='bbox 438 3529 555 3608; x_wconf 84' lang='lat' dir='ltr'>Maffico</span> <span class='ocrx_word' id='word_1_251' title='bbox 575 3549 659 3591; x_wconf 85' lang='lat' dir='ltr'>monte</span> <span class='ocrx_word' id='word_1_252' title='bbox 677 3531 845 3614; x_wconf 77' lang='lat' dir='ltr'>Campaniae.</span> 
     </span>
    </p>

    <p class='ocr_par' dir='ltr' id='par_1_7' title="bbox 322 3631 1276 3714">
     <span class='ocr_line' id='line_1_32' title="bbox 322 3631 1276 3714; baseline -0.005 -18"><span class='ocrx_word' id='word_1_253' title='bbox 322 3632 459 3708; x_wconf 83' lang='lat' dir='ltr'>Falerna)</span> <span class='ocrx_word' id='word_1_254' title='bbox 481 3649 585 3707; x_wconf 88' lang='lat' dir='ltr'>nempe</span> <span class='ocrx_word' id='word_1_255' title='bbox 608 3652 682 3714; x_wconf 74' lang='lat' dir='ltr'>agro.</span> <span class='ocrx_word' id='word_1_256' title='bbox 712 3647 851 3695; x_wconf 70' lang='lat' dir='ltr'>desset.</span> <span class='ocrx_word' id='word_1_257' title='bbox 952 3631 1055 3707; x_wconf 79' lang='lat' dir='ltr'>ludica</span> <span class='ocrx_word' id='word_1_258' title='bbox 1082 3632 1161 3696; x_wconf 86' lang='lat' dir='ltr'>Cam.</span> <span class='ocrx_word' id='word_1_259' title='bbox 1192 3633 1276 3695; x_wconf 80' lang='lat' dir='ltr'>Pete.</span> 
     </span>
    </p>
   </div>
   <div class='ocr_carea' id='block_1_7' title="bbox 278 3729 1278 3816">
    <p class='ocr_par' dir='ltr' id='par_1_8' title="bbox 278 3729 1278 3816">
     <span class='ocr_line' id='line_1_33' title="bbox 278 3729 1278 3816; baseline -0.003 -19"><span class='ocrx_word' id='word_1_260' title='bbox 278 3738 360 3816; x_wconf 76' lang='lat' dir='ltr'>grino</span> <span class='ocrx_word' id='word_1_261' title='bbox 384 3736 422 3795; x_wconf 87' lang='lat' dir='ltr'>de</span> <span class='ocrx_word' id='word_1_262' title='bbox 444 3731 598 3807; x_wconf 86' lang='lat' dir='ltr'>Campania</span> <span class='ocrx_word' id='word_1_263' title='bbox 614 3729 697 3794; x_wconf 84' lang='lat' dir='ltr'>felice</span> <span class='ocrx_word' id='word_1_264' title='bbox 719 3731 750 3792; x_wconf 88' lang='lat' dir='ltr'>L.</span> <span class='ocrx_word' id='word_1_265' title='bbox 764 3731 800 3794; x_wconf 94' lang='lat' dir='ltr'>ll.</span> <span class='ocrx_word' id='word_1_266' title='bbox 822 3753 847 3794; x_wconf 88' lang='lat' dir='ltr'>c.</span> <span class='ocrx_word' id='word_1_267' title='bbox 867 3751 913 3809; x_wconf 51' lang='lat'>34⁶</span> <span class='ocrx_word' id='word_1_268' title='bbox 939 3732 1093 3810; x_wconf 89' lang='lat' dir='ltr'>prudenter</span> <span class='ocrx_word' id='word_1_269' title='bbox 1117 3733 1167 3794; x_wconf 89' lang='lat' dir='ltr'>hic</span> <span class='ocrx_word' id='word_1_270' title='bbox 1195 3731 1278 3794; x_wconf 86' lang='lat' dir='ltr'>locu·-</span> 
     </span>
    </p>
   </div>
   <div class='ocr_carea' id='block_1_8' title="bbox 266 3827 1275 4012">
    <p class='ocr_par' dir='ltr' id='par_1_9' title="bbox 266 3827 1275 4012">
     <span class='ocr_line' id='line_1_34' title="bbox 266 3827 1275 3912; baseline -0.006 -12"><span class='ocrx_word' id='word_1_271' title='bbox 266 3827 325 3900; x_wconf 82' lang='lat' dir='ltr'>&#39;tus</span> <span class='ocrx_word' id='word_1_272' title='bbox 340 3836 379 3896; x_wconf 91' lang='lat' dir='ltr'>est</span> <span class='ocrx_word' id='word_1_273' title='bbox 397 3833 514 3907; x_wconf 86' lang='lat' dir='ltr'>Vibius,</span> <span class='ocrx_word' id='word_1_274' title='bbox 533 3833 603 3893; x_wconf 94' lang='lat' dir='ltr'>dum</span> <span class='ocrx_word' id='word_1_275' title='bbox 614 3845 744 3893; x_wconf 88' lang='lat' dir='ltr'>montem</span> <span class='ocrx_word' id='word_1_276' title='bbox 755 3831 905 3895; x_wconf 83' lang='lat' dir='ltr'>Mallrcum</span> <span class='ocrx_word' id='word_1_277' title='bbox 922 3834 953 3895; x_wconf 92' lang='lat' dir='ltr'>in</span> <span class='ocrx_word' id='word_1_278' title='bbox 966 3851 1032 3912; x_wconf 86' lang='lat' dir='ltr'>agro</span> <span class='ocrx_word' id='word_1_279' title='bbox 1053 3832 1130 3893; x_wconf 91' lang='lat' dir='ltr'>locat</span> <span class='ocrx_word' id='word_1_280' title='bbox 1143 3831 1165 3893; x_wconf 91' lang='lat' dir='ltr'>F</span> <span class='ocrx_word' id='word_1_281' title='bbox 1166 3829 1275 3895; x_wconf 82' lang='lat' dir='ltr'>aleran.-</span> 
     </span>
     <span class='ocr_line' id='line_1_35' title="bbox 279 3925 1273 4012; baseline -0.011 -10"><span class='ocrx_word' id='word_1_282' title='bbox 279 3925 380 4002; x_wconf 81' lang='lat' dir='ltr'>lllinuc</span> <span class='ocrx_word' id='word_1_283' title='bbox 399 3941 475 4001; x_wconf 73' lang='lat' dir='ltr'>recte</span> <span class='ocrx_word' id='word_1_284' title='bbox 493 3933 557 4011; x_wconf 86' lang='lat' dir='ltr'>alii,</span> <span class='ocrx_word' id='word_1_285' title='bbox 586 3932 616 3994; x_wconf 92' lang='lat' dir='ltr'>in</span> <span class='ocrx_word' id='word_1_286' title='bbox 634 3933 680 3996; x_wconf 90' lang='lat' dir='ltr'>his</span> <span class='ocrx_word' id='word_1_287' title='bbox 695 3931 812 4009; x_wconf 86' lang='lat' dir='ltr'>Florus,</span> <span class='ocrx_word' id='word_1_288' title='bbox 835 3932 900 3996; x_wconf 94' lang='lat' dir='ltr'>loco</span> <span class='ocrx_word' id='word_1_289' title='bbox 916 3951 1002 4012; x_wconf 85' lang='lat' dir='ltr'>quem</span> <span class='ocrx_word' id='word_1_290' title='bbox 1021 3929 1104 4010; x_wconf 87' lang='lat' dir='ltr'>supra</span> <span class='ocrx_word' id='word_1_291' title='bbox 1122 3929 1273 3994; x_wconf 73' lang='lat' dir='ltr'>retulimus</span> 
     </span>
    </p>
   </div>
   <div class='ocr_carea' id='block_1_9' title="bbox 0 0 1435 4718">
    <p class='ocr_par' dir='ltr' id='par_1_10' title="bbox 0 0 1435 4718">
     <span class='ocr_line' id='line_1_36' title="bbox 0 0 1435 4718; baseline 0 0"><span class='ocrx_word' id='word_1_292' title='bbox 0 0 1435 4718; x_wconf 95' lang='lat' dir='ltr'> </span> 
     </span>
    </p>
   </div>
  </div>
 </body>
</html>
