2830 4716
273 327 355 412 240
434 309 437 314 ’
482 321 673 390 norit
729 317 1051 390 vnnronun

269 486 347 576 'Ergo
368 509 400 551 ea
423 508 496 573 aqua
518 511 569 551 non
590 487 724 570 impudico
744 487 827 548 morbi
843 487 931 559 nitio,
941 482 993 564 sed
1011 489 1186 552 mmmmm
1208 486 1274 554 M,
1376 511 1382 520 ·

272 591 362 650 cedite
376 632 388 660 ,
401 587 526 648 'mollitis
550 586 648 647 asom&
677 587 869 656 barbarorum,
899 609 958 648 eam
975 583 1082 668 sarnam
1104 593 1140 675 esi
1159 595 1269 675 adepta.

271 685 351 750 Toto
374 685 457 749 coelo
474 684 546 748 haec
566 685 688 747 vitruvii
711 685 849 763 expolitio
879 705 896 748 a
925 686 1039 766 vulgata
1067 690 1143 767 apud
1171 691 1273 754 Poetae

271 787 409 864 opinione
436 783 548 859 differt,
574 784 621 846 cul
644 787 670 846 it
697 784 798 846 Strabo
820 783 957 847 adhaeret
976 785 996 847 l.
1018 806 1044 849 c.
1066 778 1156 851 ceolla
1168 787 1204 850 ab
1225 791 1270 850 in.

272 883 339 946 dole
354 883 441 945 funus
456 883 491 944 ad
506 882 635 944 indolem
654 882 806 948 hominnm
828 885 943 960 reietta.
987 886 1120 949 Salmacis
1138 888 1202 951 fom
1219 885 1273 946 ain-l

271 984 316 1040 rai
329 979 480 1058 μλαάζιιν
495 982 587 1044 ditius
607 995 744 1060 putatur,
780 981 828 1044 sed
846 984 878 1045 id
903 998 1021 1064 etymon
1048 999 1167 1065 utroque
1197 985 1272 1048 trahi

269 1081 372 1159 potml.
416 1079 530 1142 Praeter
545 1081 658 1142 fontem
675 1084 701 1142 n
720 1082 786 1143 urbs
800 1082 830 1142 in
841 1082 922 1146 Caria
940 1084 1016 1159 fuit,
1033 1085 1167 1149 Salmacis
1183 1087 1269 1162 ditia,

274 1181 420 1258 Stephano
432 1193 598 1253 memorata,
607 1174 798 1242 Hallc'amalio
813 1183 981 1260 propinqua,
991 1203 1064 1260 quae
1073 1203 1167 1245 arcem
1184 1184 1274 1245 habe·

142 1271 146 1282 '
272 1278 329 1340 bat.
350 1275 419 1340 inde
435 1277 512 1350 alnum
527 1289 612 1340 vocat
628 1279 759 1341 Arrianus
776 1281 813 1342 de
833 1283 937 1359 expeti.
948 1262 1027 1343 illex.
1038 1283 1081 1344 m.
1094 1283 1125 1347 L.
1140 1282 1163 1347 l.
1175 1302 1204 1360 p.
1220 1290 1270 1345 66.

273 1379 386 1441 citat&
401 1376 527 1441 Ortellus
541 1395 578 1442 ex
594 1376 677 1439 Floro
693 1379 723 1442 L.
738 1378 787 1440 lv.
802 1395 866 1458 cap.
885 1399 931 1440 ro.
947 1379 1111 1439 Salmacidis
1126 1381 1247 1459 fluvium
1255 1401 1271 1452 ,·

272 1495 374 1540 verum
398 1476 547 1540 samalus
566 1478 596 1538 in
613 1480 730 1538 exercit.
753 1476 824 1539 Plin.
849 1479 880 1538 in
901 1477 1030 1540 Solinum
1049 1497 1077 1556 p.
1101 1487 1149 1548 81·
1179 1479 1274 1540 olien-

273 1577 335 1650 dit,
365 1589 530 1653 corrnptnm
545 1574 642 1639 locum
664 1575 741 1651 elie,
775 1576 988 1656 legendumque
1018 1578 1135 1653 conjicit
1162 1571 1273 1651 fizlriza·

273 1674 365 1745 cidis;
386 1673 493 1750 fluvius
535 1719 543 1736 .
588 1719 595 1736 .
639 1719 648 1737 .
695 1675 733 1737 Ο.

313 1773 382 1832 idem
399 1773 426 1832 Θ
444 1766 570 1848 obscenus
585 1768 657 1851 fit.)
683 1773 729 1835 Sic
745 1773 813 1848 Joh.
829 1769 972 1836 Brodaeus
996 1773 1033 1836 ad
1052 1773 1139 1852 epigr.
1170 1771 1271 1840 lauda·

271 1883 344 1934 tum.
365 1871 442 1934 Hier.
459 1871 601 1935 Columna
617 1872 653 1934 ad
680 1873 764 1936 Ennii
779 1871 877 1934 locum
897 1873 985 1935 modo
1006 1872 1181 1950 designatum
1198 1858 1270 1931 ide'm

271 1966 414 2048 obscoenus
435 1971 476 2032 fit.
502 1971 533 2033 C.
553 1971 683 2034 Barthius
701 1972 738 2034 ad
763 1969 913 2036 Claudiam.
942 1973 972 2032 in
999 1972 1114 2048 Eutrop.
1140 1969 1172 2032 L.
1192 1969 1214 2030 l.
1241 1989 1270 2036 v.

273 2089 344 2145 252.
362 2072 407 2132 ed.
426 2066 537 2139 Hanov
559 2071 657 2151 idest,
681 2063 824 2145 obscoenus
832 2068 891 2147 fir:
913 2069 952 2132 ita
966 2088 1082 2147 quoqne
1098 2068 1199 2131 Frano.
1226 2066 1272 2127 Pi·

272 2166 376 2230 thoeus
392 2168 428 2229 ad
454 2168 566 2234 Petron.
589 2187 652 2247 cap.
672 2187 721 2248 23.
741 2169 860 2250 Optime
880 2188 948 2232 vero
965 2168 1031 2236 lllS.
1057 2167 1160 2230 Revii:
1176 2167 1206 2226 id
1221 2165 1268 2250 ests

271 2261 397 2341 obscenus
411 2263 457 2342 fit.
502 2281 640 2362 nassau.
1047 2289 1059 2310 ν

671 2425 863 2519 Timavus

261 2659 267 2668 ·
315 2647 345 2696 v.
367 2625 506 2693 Martialis
527 2629 559 2694 L.
578 2629 627 2710 lv.
651 2649 695 2706 ep.
724 2647 772 2704 25.
789 2653 816 2694 v.
838 2648 864 2707 ς.

211 2766 215 2775 =
318 2730 326 2745 “
402 2731 439 2789 Et
457 2748 488 2789 tu
506 2733 611 2791 Ledaeo
637 2727 714 2813 felix
737 2727 867 2811 Aquileja
890 2724 999 2790 limane
1010 2765 1023 2800 5

439 2830 497 2888 Hic
510 2831 556 2888 ubl
577 2824 704 2912 septenas
727 2828 853 2909 Cyllarus
875 2829 961 2907 iraufit
978 2849 1066 2909 aquas
1107 2872 1114 2890 .
1157 2869 1165 2888 .

1061 2965 1064 2976 ν
1129 2935 1269 2988 flesset.

275 3013 310 3083 ln
332 3021 426 3084 tabula
447 3023 646 3086 Theodofiana
661 3044 751 3104 prope
771 3023 929 3106 Aquileiam
945 3026 1045 3106 ingens
1063 3025 1139 3088 lacus
1155 3043 1270 3104 reprae-

275 3118 416 3195 sentatur,
436 3122 466 3182 in
488 3141 574 3198 quem
590 3124 683 3186 influit
698 3125 807 3201 fluvius
815 3119 948 3206 frigidus.
992 3125 1082 3202 Supra
1097 3122 1190 3186 laeum
1219 3143 1272 3202 ap·

274 3219 384 3296 pictum
405 3220 444 3278 est
463 3240 598 3299 magnum
616 3221 777 3284 aedilicium
802 3223 992 3300 quadratum,
1018 3220 1101 3300 quale
1125 3221 1272 3298 designare

275 3313 400 3380 thermas'
416 3317 501 3392 solet,
523 3321 634 3396 adjecto
663 3320 765 3384 titulo:
790 3316 868 3398 fonte
896 3319 1000 3382 timavi.
1061 3317 1167 3396 Effugit
1188 3318 1271 3392 hoc,

275 3416 353 3494 quod
378 3415 442 3476 sane
458 3418 584 3494 mirum,
610 3419 696 3482 Paulli
721 3419 806 3480 Pincii
831 3418 993 3492 solertiam,
1017 3419 1065 3496 qui
1094 3419 1124 3480 in
1147 3416 1274 3478 differta·

275 3516 354 3577 tione
373 3517 409 3574 tle
424 3515 545 3578 Timavo
564 3518 674 3592 fluvio,
694 3517 796 3580 excusa
814 3518 937 3578 Venetiis
961 3527 989 3586 8.
1015 3523 1102 3590 1566.
1133 3514 1272 3578 &recusa

275 3613 305 3674 in
322 3612 389 3674 thes.
409 3616 495 3692 antiq.
520 3615 609 3678 italic.
637 3618 672 3679 T.
691 3617 741 3682 Vl.
762 3617 791 3678 P.
809 3617 856 3678 lV.
875 3613 1049 3693 putillrmum
1070 3627 1171 3675 contra
1186 3612 1273 3675 lilon-

276 3711 345 3774 tlum
362 3712 470 3774 laborat
491 3713 662 3790 ostendere,
678 3735 737 3776 non
753 3718 833 3794 juxta
851 3715 994 3776 Patavium
1015 3713 1215 3792 praeterfluere
1224 3711 1274 3774 Ti.

277 3829 409 3885 mavum,
436 3814 619 3891 Brentamque
641 3811 728 3874 hodie
747 3814 821 3888 dici,
842 3813 890 3873 led
916 3831 1007 3892 prope
1034 3810 1194 3888 Aquileiam
1222 3810 1272 3870 tle·

277 3924 408 3984 currere,
441 3910 485 3972 vel
521 3912 674 3990 Tergellen
698 3914 771 3975 inter
799 3927 883 3988 atque
914 3911 1114 3976 Concordiam.
1162 3909 1273 3972 Poterat

1145 4007 1271 4084 adjicere
