2780 4712
421 329 497 392 ΑΒ
554 327 808 394 atusssun
1052 349 1104 436 95

108 498 226 582 agrinus
256 495 288 556 in
302 489 392 557 deser.
411 475 545 556 Duoatus'
563 489 761 555 beneventani
788 491 857 558 iiiii.
875 486 941 560 Vll.
985 498 1049 565 imo
1074 503 1107 567 id

105 615 218 660 nomen
242 614 352 678 pugnae
376 611 440 655 non
459 591 549 656 fluvio
568 589 619 653 sad
639 590 708 655 loco
729 590 863 658 tribuitur
880 595 1031 678 inscripto
1056 619 1108 668 eo·

104 697 176 762 dice
199 693 295 761 Paulli.
340 692 378 758 Ο.
453 717 455 728 ·

531 867 683 988 Crysas

147 1109 179 1156 r.
196 1086 279 1152 Fuir.
301 1083 419 1149 Urfinur
434 1083 472 1148 ad
493 1083 663 1152 Ciceronem
681 1086 713 1148 in
738 1083 857 1150 Verrem
881 1086 913 1154 t.
932 1083 982 1155 IV.
1007 1112 1034 1160 e.
1052 1115 1106 1172 44.

104 1193 137 1254 aa
151 1189 305 1252 Graevium
314 1187 351 1248 ad
370 1185 496 1249 eundem
510 1184 618 1266 locum.
662 1184 750 1249 Porro
764 1197 865 1249 autem
878 1188 945 1255 Nic.
959 1190 1103 1272 Heinsius,
1230 1216 1236 1226 ·

103 1289 190 1363 cujus
209 1287 295 1348 etiam
317 1293 395 1348 nunc
409 1284 519 1346 inedita
537 1303 606 1347 cura
620 1283 683 1362 esi,
705 1284 823 1348 Vibium
845 1289 935 1366 tangit
947 1289 983 1350 ad
1001 1291 1105 1358 Silium

103 1386 142 1450 L.
159 1384 235 1448 XIV.
258 1404 290 1450 v.
309 1399 380 1462 230.
400 1382 587 1461 Dereiiquo,
610 1385 762 1462 antiquum
774 1385 931 1463 numisma,
946 1390 1025 1466 quod
1048 1392 1104 1455 suit

103 1484 183 1564 apud
196 1485 344 1560 Ursinum,
359 1482 390 1546 id
406 1483 475 1545 etl.
495 1484 569 1544 inter
587 1481 689 1546 selecta
707 1482 857 1546 Wiidiana
874 1485 932 1560 est,
960 1506 1101 1566 quantum

104 1601 162 1663 ego
178 1583 337 1644 existimare
358 1581 489 1660 possum,
512 1579 561 1643 etsr
575 1583 659 1645 unius
680 1581 768 1660 partis
792 1583 1007 1663 explanationes
1029 1587 1109 1651 mul*

104 1697 170 1745 turn
188 1680 329 1746 differant.
373 1679 447 1742 Vide
465 1698 553 1772 porro
569 1680 790 1766 &Gronovium
809 1682 897 1747 Thes.
920 1683 1019 1748 Graec.
1034 1688 1101 1750 rint.

102 1781 172 1851 Vol,
192 1779 230 1846 II.
248 1799 354 1872 92¹5,
377 1777 426 1841 ubi
447 1778 504 1864 egit
521 1775 603 1858 super
623 1777 792 1842 numismate
814 1779 944 1846 Assorino
960 1783 1104 1863 Vibioque
1228 1804 1230 1810 ’

103 1879 213 1944 nostro.
235 1892 372 1944 nassau.
505 1901 526 1950 0

148 1975 248 2039 Herae}
271 1991 403 2051 montes,
422 1975 551 2060 Diodoro
566 1976 623 2040 Sic.
647 1975 798 2039 memorati
815 1975 846 2039 t.
867 1977 916 2041 IV.
934 1999 959 2042 c.
978 1987 1028 2051 86.
1050 2001 1103 2059 per

102 2078 230 2140 mediam
251 2075 312 2136 fere
332 2073 456 2138 Siciliam
475 2073 697 2156 aseptentrione
713 2076 750 2138 ad
766 2075 889 2160 austrum
908 2079 1008 2157 jugum
1019 2077 1103 2144 suum

101 2174 291 2258 protendunt
334 2173 380 2238 nd
394 2173 466 2237 illud
485 2175 619 2250 adjacent
633 2173 772 2254 Herbita,
795 2173 911 2250 Tabae,
927 2177 1017 2239 Enna.
1047 2177 1103 2240 En·

101 2297 172 2339 nam
191 2277 265 2336 inter
293 2287 377 2352 atque
401 2272 495 2336 Tabas
515 2274 631 2352 profluit
659 2291 694 2334 ex
716 2275 816 2336 monte¹
839 2274 951 2337 Heraeo
981 2275 1103 2356 Chrysas

99 2375 227 2450 fluvius,
248 2373 297 2452 qui
311 2371 429 2434 Asorum
444 2391 513 2433 mox
533 2373 604 2452 rigat
625 2372 769 2458 pauloque
781 2355 914 2436 ‘inferius
935 2375 965 2436 in
986 2377 1103 2455 Symae-

101 2477 188 2538 thum
206 2473 316 2536 incidit.
355 2461 500 2534 Ciceronis
517 2470 598 2534 locus
620 2485 793 2534 memoratus
813 2471 862 2534 bic
881 2472 937 2535 est:
983 2463 1102 2554 Chrysas

97 2575 138 2660 est
161 2574 263 2648 arvus,
285 2571 331 2652 qui
340 2592 391 2653 per
409 2565 589 2648 Affirmorunr
604 2591 684 2653 agros
696 2569 775 2648 fluit.
819 2571 851 2632 Is
873 2571 950 2652 apud
965 2569 1031 2630 illos
1052 2575 1102 2632 ba-

97 2675 184 2736 betur
197 2673 275 2733 Deus
296 2669 463 2752 &religione
478 2670 597 2728 ma'xima
625 2667 731 2730 colitur.
794 2669 899 2728 Fanum
930 2663 989 2748 ejus
1013 2669 1047 2748 est
1071 2669 1102 2728 r‘r'r

96 2795 167 2858 agro
183 2788 294 2853 propter
306 2763 392 2850 ipsam
409 2769 480 2828 viam
488 2811 500 2838 ,
523 2788 577 2848 qua
600 2761 694 2843 Affirro
711 2750 770 2825 itur*
788 2765 903 2826 Ennam.
922 2766 959 2828 O.
1045 2767 1101 2827 Pro

95 2873 209 2933 Heraeo
228 2868 359 2932 Barthius
379 2867 444 2929 adv.
468 2865 500 2933 t.
515 2859 570 2929 IX.
586 2884 649 2944 cap.
669 2884 683 2944 3
716 2863 822 2942 legerat
840 2860 947 2950 Erymo
969 2859 996 2924 v‘.
1015 2863 1102 2920 Aeri-

93 2958 185 3046 aaeo',
208 2988 270 3030 non
287 2967 372 3029 bene·
393 2979 531 3030 nassau.
633 2963 794 3028 Nummum
824 2981 840 3023 a
865 2957 1014 3023 Gronovio
1035 2981 1102 3040 pro-

94 3070 222 3132 ductum
239 3066 258 3131 l.
273 3087 298 3142 c,
308 3067 418 3136 orimus
434 3065 466 3126 in
484 3063 585 3146 Sicusrs
601 3062 761 3146 publicavit
775 3061 877 3126 Puruta
888 3061 944 3124 tab.
959 3060 1098 3146 cxxvi,
1185 3059 1188 3066 ’

92 3165 258 3246 Reliquos,
280 3165 379 3246 quide
398 3184 433 3226 eo
456 3161 566 3226 consuli
585 3162 706 3242 poffint,
733 3161 860 3226 recenset
871 3161 900 3224 P.
920 3161 1104 3246 Burmannus

92 3263 244 3329 secundus
262 3265 299 3326 ad
324 3263 392 3327 NN.
416 3261 510 3326 Sicula
529 3253 659 3326 Dorvillii
678 3282 708 3343 p.
724 3265 783 3338 428
801 3265 828 3325 da
845 3269 914 3324 612.
958 3261 1102 3340 Equidem

91 3385 159 3426 non
175 3363 220 3425 sat
236 3361 397 3441 perspicio,
417 3361 458 3424 isti
475 3381 595 3424 nummo
618 3361 688 3424 fitne
711 3359 824 3441 prorsus
846 3361 979 3424 habenda
1000 3361 1101 3438 fides3

16 3521 18 3532 ,
90 3481 198 3542 neque
214 3462 292 3524 enim
312 3462 344 3522 in
360 3461 418 3524 hoe
434 3474 690 3525 monumentorum
707 3480 813 3540 genere
825 3480 886 3523 rara
899 3460 1100 3540 suntpeccata

88 3562 123 3624 in
145 3561 260 3623 restam
280 3557 421 3622 scribendi
449 3560 581 3623 formam.
629 3560 685 3623 Sed
703 3561 737 3622 srt
755 3561 812 3634 ita,
837 3577 868 3622 ut
880 3556 1101 3636 Gronoviopla-

87 3675 164 3740 oet,
189 3659 341 3738 valeatque
361 3659 556 3739 adspirationis
584 3660 718 3736 rejectio,
747 3657 861 3738 scriptis
886 3675 1001 3736 quoque
1023 3653 1100 3717 Vibii

84 3758 275 3824 membranis
296 3777 447 3838 congrua,
477 3759 657 3835 Hodiernum
684 3759 769 3833 fluvi
782 3755 940 3832 ,nomensr
969 3753 1100 3832 quaeris,

84 3860 231 3926 uanos
254 3809 354 3936 rina,
372 3856 523 3938 sareon,
546 3859 706 3934 steno&
732 3854 928 3936 esmona
941 3851 986 3916 m,
1021 3852 1102 3931 nn,

83 3979 171 4040 repe
204 3955 336 4020 Dirroirro
370 3971 546 4040 nuncupant.
607 3955 720 4024 Assorus
746 3975 825 4022 nune
854 3955 946 4037 Azara
971 3963 1101 4026 vocatur.
