<?xml version="1.0" encoding="UTF-8"?>
<!DOCTYPE html PUBLIC "-//W3C//DTD XHTML 1.0 Transitional//EN"
    "http://www.w3.org/TR/xhtml1/DTD/xhtml1-transitional.dtd">
<html xmlns="http://www.w3.org/1999/xhtml" xml:lang="en" lang="en">
 <head>
  <title>
</title>
<meta http-equiv="Content-Type" content="text/html;charset=utf-8" />
  <meta name='ocr-system' content='tesseract 3.04.00' />
  <meta name='ocr-capabilities' content='ocr_page ocr_carea ocr_par ocr_line ocrx_word'/>
</head>
<body>
  <div class='ocr_page' id='page_1' title='image "./vibiussequester01sequgoog_0290.png"; bbox 0 0 2830 4716; ppageno 0'>
   <div class='ocr_carea' id='block_1_1' title="bbox 271 301 1073 404">
    <p class='ocr_par' dir='ltr' id='par_1_1' title="bbox 271 301 1073 404">
     <span class='ocr_line' id='line_1_1' title="bbox 271 301 1073 404; baseline 0.01 -24"><span class='ocrx_word' id='word_1_1' title='bbox 271 321 350 404; x_wconf 80' lang='lat'>25²</span> <span class='ocrx_word' id='word_1_2' title='bbox 523 317 704 384; x_wconf 75' lang='lat' dir='ltr'>uorat</span> <span class='ocrx_word' id='word_1_3' title='bbox 762 301 1073 392; x_wconf 77' lang='lat' dir='ltr'>vauroaum</span> 
     </span>
    </p>
   </div>
   <div class='ocr_carea' id='block_1_2' title="bbox 267 472 1270 1550">
    <p class='ocr_par' dir='ltr' id='par_1_2' title="bbox 267 472 1270 1550">
     <span class='ocr_line' id='line_1_2' title="bbox 267 472 1270 560; baseline 0.015 -25"><span class='ocrx_word' id='word_1_4' title='bbox 267 472 386 544; x_wconf 58' lang='lat' dir='ltr'>unxiris</span> <span class='ocrx_word' id='word_1_5' title='bbox 409 477 536 560; x_wconf 58' lang='lat' dir='ltr'>elidiata.</span> <span class='ocrx_word' id='word_1_6' title='bbox 560 479 664 543; x_wconf 84' lang='lat' dir='ltr'>Tribus</span> <span class='ocrx_word' id='word_1_7' title='bbox 680 479 805 544; x_wconf 84' lang='lat' dir='ltr'>millibus</span> <span class='ocrx_word' id='word_1_8' title='bbox 824 482 860 547; x_wconf 85' lang='lat' dir='ltr'>ab</span> <span class='ocrx_word' id='word_1_9' title='bbox 884 485 1000 550; x_wconf 82' lang='lat' dir='ltr'>Anxure</span> <span class='ocrx_word' id='word_1_10' title='bbox 1018 487 1101 554; x_wconf 86' lang='lat' dir='ltr'>fuilie</span> <span class='ocrx_word' id='word_1_11' title='bbox 1117 507 1154 552; x_wconf 78' lang='lat' dir='ltr'>ex</span> <span class='ocrx_word' id='word_1_12' title='bbox 1173 491 1270 555; x_wconf 79' lang='lat' dir='ltr'>Hora.</span> 
     </span>
     <span class='ocr_line' id='line_1_3' title="bbox 271 576 1017 658; baseline 0.016 -21"><span class='ocrx_word' id='word_1_13' title='bbox 271 576 312 644; x_wconf 88' lang='lat' dir='ltr'>tio</span> <span class='ocrx_word' id='word_1_14' title='bbox 328 588 428 654; x_wconf 83' lang='lat' dir='ltr'>patet,</span> <span class='ocrx_word' id='word_1_15' title='bbox 447 579 496 654; x_wconf 91' lang='lat' dir='ltr'>qui</span> <span class='ocrx_word' id='word_1_16' title='bbox 515 577 604 640; x_wconf 86' lang='lat' dir='ltr'>Serm.</span> <span class='ocrx_word' id='word_1_17' title='bbox 627 577 659 643; x_wconf 84' lang='lat' dir='ltr'>L.</span> <span class='ocrx_word' id='word_1_18' title='bbox 675 578 697 641; x_wconf 94' lang='lat' dir='ltr'>I.</span> <span class='ocrx_word' id='word_1_19' title='bbox 716 578 765 642; x_wconf 89' lang='lat' dir='ltr'>sat.</span> <span class='ocrx_word' id='word_1_20' title='bbox 784 579 817 643; x_wconf 89' lang='lat' dir='ltr'>V.</span> <span class='ocrx_word' id='word_1_21' title='bbox 840 603 867 644; x_wconf 88' lang='lat' dir='ltr'>v.</span> <span class='ocrx_word' id='word_1_22' title='bbox 894 602 942 658; x_wconf 82' lang='lat'>24.</span> <span class='ocrx_word' id='word_1_23' title='bbox 961 586 1017 649; x_wconf 89' lang='lat' dir='ltr'>src:</span> 
     </span>
     <span class='ocr_line' id='line_1_4' title="bbox 395 671 1141 768; baseline 0.016 -34"><span class='ocrx_word' id='word_1_24' title='bbox 395 675 454 734; x_wconf 84' lang='lat' dir='ltr'>Ora</span> <span class='ocrx_word' id='word_1_25' title='bbox 473 671 614 758; x_wconf 81' lang='lat' dir='ltr'>manusque</span> <span class='ocrx_word' id='word_1_26' title='bbox 635 696 685 742; x_wconf 83' lang='lat' dir='ltr'>tua</span> <span class='ocrx_word' id='word_1_27' title='bbox 698 679 835 756; x_wconf 68' lang='lat' dir='ltr'>brimus,</span> <span class='ocrx_word' id='word_1_28' title='bbox 856 683 989 755; x_wconf 83' lang='lat' dir='ltr'><em>Feronia,</em></span> <span class='ocrx_word' id='word_1_29' title='bbox 1011 684 1141 768; x_wconf 83' lang='lat' dir='ltr'><em>lympha,</em></span> 
     </span>
     <span class='ocr_line' id='line_1_5' title="bbox 393 772 1133 862; baseline 0.014 -26"><span class='ocrx_word' id='word_1_30' title='bbox 393 772 563 840; x_wconf 73' lang='lat' dir='ltr'>Molliorem</span> <span class='ocrx_word' id='word_1_31' title='bbox 579 777 672 856; x_wconf 83' lang='lat' dir='ltr'>pranfi</span> <span class='ocrx_word' id='word_1_32' title='bbox 686 777 740 838; x_wconf 84' lang='lat' dir='ltr'>trio</span> <span class='ocrx_word' id='word_1_33' title='bbox 759 781 893 859; x_wconf 78' lang='lat' dir='ltr'>repimus,</span> <span class='ocrx_word' id='word_1_34' title='bbox 910 801 991 862; x_wconf 84' lang='lat' dir='ltr'>arque</span> <span class='ocrx_word' id='word_1_35' title='bbox 1009 779 1133 858; x_wconf 82' lang='lat' dir='ltr'><em>subimus</em></span> 
     </span>
     <span class='ocr_line' id='line_1_6' title="bbox 394 853 1058 954; baseline 0.02 -18"><span class='ocrx_word' id='word_1_36' title='bbox 394 873 544 954; x_wconf 82' lang='lat' dir='ltr'>Impofirurn</span> <span class='ocrx_word' id='word_1_37' title='bbox 558 867 640 949; x_wconf 78' lang='lat' dir='ltr'>sexis</span> <span class='ocrx_word' id='word_1_38' title='bbox 663 873 720 936; x_wconf 79' lang='lat' dir='ltr'>lare</span> <span class='ocrx_word' id='word_1_39' title='bbox 744 853 919 940; x_wconf 76' lang='lat' dir='ltr'>cmdenriblr</span> <span class='ocrx_word' id='word_1_40' title='bbox 947 883 1058 948; x_wconf 83' lang='lat' dir='ltr'>Anxur.</span> 
     </span>
     <span class='ocr_line' id='line_1_7' title="bbox 267 971 1268 1061; baseline 0.012 -27"><span class='ocrx_word' id='word_1_41' title='bbox 267 972 334 1041; x_wconf 80' lang='lat' dir='ltr'>Hoc</span> <span class='ocrx_word' id='word_1_42' title='bbox 350 972 396 1036; x_wconf 91' lang='lat' dir='ltr'>cui</span> <span class='ocrx_word' id='word_1_43' title='bbox 418 991 478 1036; x_wconf 88' lang='lat' dir='ltr'>nun</span> <span class='ocrx_word' id='word_1_44' title='bbox 496 971 633 1048; x_wconf 85' lang='lat' dir='ltr'>arriserit,</span> <span class='ocrx_word' id='word_1_45' title='bbox 656 972 750 1038; x_wconf 82' lang='lat' dir='ltr'>forsan</span> <span class='ocrx_word' id='word_1_46' title='bbox 772 975 936 1042; x_wconf 84' lang='lat' dir='ltr'>festinantes</span> <span class='ocrx_word' id='word_1_47' title='bbox 962 980 1040 1042; x_wconf 86' lang='lat' dir='ltr'>Vibii</span> <span class='ocrx_word' id='word_1_48' title='bbox 1061 981 1162 1044; x_wconf 85' lang='lat' dir='ltr'>oculos</span> <span class='ocrx_word' id='word_1_49' title='bbox 1188 985 1268 1061; x_wconf 88' lang='lat' dir='ltr'>apud</span> 
     </span>
     <span class='ocr_line' id='line_1_8' title="bbox 268 1069 1267 1156; baseline 0.012 -25"><span class='ocrx_word' id='word_1_50' title='bbox 268 1070 417 1150; x_wconf 82' lang='lat' dir='ltr'>Virgilium</span> <span class='ocrx_word' id='word_1_51' title='bbox 432 1069 452 1131; x_wconf 94' lang='lat' dir='ltr'>l.</span> <span class='ocrx_word' id='word_1_52' title='bbox 469 1090 496 1136; x_wconf 86' lang='lat' dir='ltr'>c.</span> <span class='ocrx_word' id='word_1_53' title='bbox 519 1089 572 1148; x_wconf 91' lang='lat' dir='ltr'>pro</span> <span class='ocrx_word' id='word_1_54' title='bbox 593 1069 655 1132; x_wconf 86' lang='lat' dir='ltr'>luco</span> <span class='ocrx_word' id='word_1_55' title='bbox 676 1071 771 1151; x_wconf 79' lang='lat' dir='ltr'>legille</span> <span class='ocrx_word' id='word_1_56' title='bbox 794 1074 859 1135; x_wconf 84' lang='lat' dir='ltr'>lacu</span> <span class='ocrx_word' id='word_1_57' title='bbox 874 1076 923 1138; x_wconf 83' lang='lat' dir='ltr'>irbi</span> <span class='ocrx_word' id='word_1_58' title='bbox 950 1077 1126 1156; x_wconf 76' lang='lat' dir='ltr'>persuaserit.</span> <span class='ocrx_word' id='word_1_59' title='bbox 1144 1107 1147 1114; x_wconf 79' lang='grc'><strong>’</strong></span> <span class='ocrx_word' id='word_1_60' title='bbox 1162 1079 1267 1143; x_wconf 71' lang='lat' dir='ltr'>Cluve·</span> 
     </span>
     <span class='ocr_line' id='line_1_9' title="bbox 267 1168 1267 1251; baseline 0.006 -17"><span class='ocrx_word' id='word_1_61' title='bbox 267 1171 342 1234; x_wconf 84' lang='lat' dir='ltr'>rium</span> <span class='ocrx_word' id='word_1_62' title='bbox 360 1169 493 1236; x_wconf 73' lang='lat' dir='ltr'>tamensi</span> <span class='ocrx_word' id='word_1_63' title='bbox 515 1168 629 1243; x_wconf 82' lang='lat' dir='ltr'>audias,</span> <span class='ocrx_word' id='word_1_64' title='bbox 672 1172 768 1246; x_wconf 82' lang='lat' dir='ltr'>„fona</span> <span class='ocrx_word' id='word_1_65' title='bbox 787 1174 846 1251; x_wconf 90' lang='lat' dir='ltr'>ipse</span> <span class='ocrx_word' id='word_1_66' title='bbox 865 1175 1002 1239; x_wconf 87' lang='lat' dir='ltr'>Feroniae</span> <span class='ocrx_word' id='word_1_67' title='bbox 1024 1178 1109 1241; x_wconf 91' lang='lat' dir='ltr'>Vibio</span> <span class='ocrx_word' id='word_1_68' title='bbox 1120 1211 1121 1216; x_wconf 18' lang='grc' dir='ltr'><strong>κ</strong></span> <span class='ocrx_word' id='word_1_69' title='bbox 1134 1180 1210 1242; x_wconf 88' lang='lat' dir='ltr'>inter</span> <span class='ocrx_word' id='word_1_70' title='bbox 1227 1180 1267 1240; x_wconf 85' lang='lat' dir='ltr'>la·</span> 
     </span>
     <span class='ocr_line' id='line_1_10' title="bbox 267 1271 1267 1356; baseline 0.009 -25"><span class='ocrx_word' id='word_1_71' title='bbox 267 1315 290 1348; x_wconf 87' lang='lat'>„</span> <span class='ocrx_word' id='word_1_72' title='bbox 312 1289 362 1332; x_wconf 86' lang='lat' dir='ltr'>cus</span> <span class='ocrx_word' id='word_1_73' title='bbox 383 1281 624 1345; x_wconf 84' lang='lat' dir='ltr'>connumeratur,</span> <span class='ocrx_word' id='word_1_74' title='bbox 659 1271 725 1348; x_wconf 87' lang='lat' dir='ltr'>quia</span> <span class='ocrx_word' id='word_1_75' title='bbox 756 1273 878 1350; x_wconf 75' lang='lat' dir='ltr'>copiosis</span> <span class='ocrx_word' id='word_1_76' title='bbox 899 1276 980 1354; x_wconf 85' lang='lat' dir='ltr'>aquis</span> <span class='ocrx_word' id='word_1_77' title='bbox 1001 1275 1090 1340; x_wconf 89' lang='lat' dir='ltr'>veluti</span> <span class='ocrx_word' id='word_1_78' title='bbox 1121 1277 1151 1338; x_wconf 89' lang='lat' dir='ltr'>in</span> <span class='ocrx_word' id='word_1_79' title='bbox 1184 1279 1267 1356; x_wconf 86' lang='lat' dir='ltr'>parvi</span> 
     </span>
     <span class='ocr_line' id='line_1_11' title="bbox 267 1368 1266 1451; baseline 0.014 -22"><span class='ocrx_word' id='word_1_80' title='bbox 267 1413 289 1446; x_wconf 87' lang='lat'>,‚</span> <span class='ocrx_word' id='word_1_81' title='bbox 310 1369 397 1447; x_wconf 82' lang='lat' dir='ltr'>stagni</span> <span class='ocrx_word' id='word_1_82' title='bbox 417 1368 537 1429; x_wconf 89' lang='lat' dir='ltr'>modum</span> <span class='ocrx_word' id='word_1_83' title='bbox 556 1369 698 1446; x_wconf 89' lang='lat' dir='ltr'>erumpit;</span> <span class='ocrx_word' id='word_1_84' title='bbox 722 1384 786 1433; x_wconf 90' lang='lat' dir='ltr'>tum</span> <span class='ocrx_word' id='word_1_85' title='bbox 806 1392 895 1451; x_wconf 87' lang='lat' dir='ltr'>aquae</span> <span class='ocrx_word' id='word_1_86' title='bbox 917 1375 1001 1437; x_wconf 87' lang='lat' dir='ltr'>etiam</span> <span class='ocrx_word' id='word_1_87' title='bbox 1024 1374 1088 1438; x_wconf 89' lang='lat' dir='ltr'>sunt</span> <span class='ocrx_word' id='word_1_88' title='bbox 1098 1373 1214 1440; x_wconf 87' lang='lat' dir='ltr'>salsulae</span> <span class='ocrx_word' id='word_1_89' title='bbox 1236 1378 1266 1442; x_wconf 64' lang='grc' dir='ltr'><strong>ἃ</strong></span> 
     </span>
     <span class='ocr_line' id='line_1_12' title="bbox 268 1466 1266 1550; baseline 0.008 -21"><span class='ocrx_word' id='word_1_90' title='bbox 268 1513 290 1546; x_wconf 84' lang='grc'>,,</span> <span class='ocrx_word' id='word_1_91' title='bbox 312 1468 438 1547; x_wconf 86' lang='lat' dir='ltr'>corrupti</span> <span class='ocrx_word' id='word_1_92' title='bbox 453 1466 501 1529; x_wconf 85' lang='lat' dir='ltr'>seu</span> <span class='ocrx_word' id='word_1_93' title='bbox 521 1468 653 1532; x_wconf 84' lang='lat' dir='ltr'>medican&#39;</span> <span class='ocrx_word' id='word_1_94' title='bbox 671 1467 816 1548; x_wconf 76' lang='lat' dir='ltr'>soporin„</span> <span class='ocrx_word' id='word_1_95' title='bbox 843 1492 870 1533; x_wconf 83' lang='lat' dir='ltr'>v.</span> <span class='ocrx_word' id='word_1_96' title='bbox 889 1471 951 1535; x_wconf 86' lang='lat' dir='ltr'>Ital.</span> <span class='ocrx_word' id='word_1_97' title='bbox 961 1487 1019 1536; x_wconf 88' lang='lat' dir='ltr'>ant.</span> <span class='ocrx_word' id='word_1_98' title='bbox 1036 1474 1068 1539; x_wconf 84' lang='lat' dir='ltr'>l..</span> <span class='ocrx_word' id='word_1_99' title='bbox 1085 1472 1136 1538; x_wconf 83' lang='grc' dir='ltr'>ΙΙΙ.</span> <span class='ocrx_word' id='word_1_100' title='bbox 1152 1492 1216 1550; x_wconf 85' lang='lat' dir='ltr'>cap.</span> <span class='ocrx_word' id='word_1_101' title='bbox 1233 1491 1266 1548; x_wconf 77' lang='lat'>7.</span> 
     </span>
    </p>
   </div>
   <div class='ocr_carea' id='block_1_3' title="bbox 146 1567 1267 1650">
    <p class='ocr_par' dir='ltr' id='par_1_3' title="bbox 146 1567 1267 1650">
     <span class='ocr_line' id='line_1_13' title="bbox 146 1567 1267 1650; baseline -0.002 -20"><span class='ocrx_word' id='word_1_102' title='bbox 146 1631 155 1640; x_wconf 83' lang='grc'><strong><em>,</em></strong></span> <span class='ocrx_word' id='word_1_103' title='bbox 268 1569 419 1632; x_wconf 83' lang='lat' dir='ltr'>Caeterum</span> <span class='ocrx_word' id='word_1_104' title='bbox 438 1567 591 1630; x_wconf 81' lang='lat' dir='ltr'>aFeronia</span> <span class='ocrx_word' id='word_1_105' title='bbox 612 1587 750 1646; x_wconf 88' lang='lat' dir='ltr'>quoque,</span> <span class='ocrx_word' id='word_1_106' title='bbox 772 1570 946 1649; x_wconf 84' lang='lat' dir='ltr'>Campaniae</span> <span class='ocrx_word' id='word_1_107' title='bbox 962 1572 1090 1650; x_wconf 84' lang='lat' dir='ltr'>nympha</span> <span class='ocrx_word' id='word_1_108' title='bbox 1106 1574 1132 1632; x_wconf 76' lang='lat' dir='ltr'>dt</span> <span class='ocrx_word' id='word_1_109' title='bbox 1147 1567 1267 1631; x_wconf 70' lang='lat' dir='ltr'>liberto,</span> 
     </span>
    </p>
   </div>
   <div class='ocr_carea' id='block_1_4' title="bbox 265 1665 1266 1750">
    <p class='ocr_par' dir='ltr' id='par_1_4' title="bbox 265 1665 1266 1750">
     <span class='ocr_line' id='line_1_14' title="bbox 265 1665 1266 1750; baseline 0 -22"><span class='ocrx_word' id='word_1_110' title='bbox 265 1686 331 1736; x_wconf 79' lang='lat' dir='ltr'>rum</span> <span class='ocrx_word' id='word_1_111' title='bbox 354 1665 431 1741; x_wconf 84' lang='lat' dir='ltr'>Dea,</span> <span class='ocrx_word' id='word_1_112' title='bbox 449 1666 595 1744; x_wconf 27' lang='lat' dir='ltr'>*oppidum</span> <span class='ocrx_word' id='word_1_113' title='bbox 613 1667 832 1733; x_wconf 86' lang='lat' dir='ltr'>denominatum</span> <span class='ocrx_word' id='word_1_114' title='bbox 853 1671 910 1746; x_wconf 89' lang='lat' dir='ltr'>est,</span> <span class='ocrx_word' id='word_1_115' title='bbox 937 1671 1058 1750; x_wconf 84' lang='lat' dir='ltr'>quod&amp;</span> <span class='ocrx_word' id='word_1_116' title='bbox 1079 1669 1157 1728; x_wconf 87' lang='lat' dir='ltr'>lucus</span> <span class='ocrx_word' id='word_1_117' title='bbox 1180 1668 1266 1730; x_wconf 75' lang='lat' dir='ltr'>Fero.</span> 
     </span>
    </p>
   </div>
   <div class='ocr_carea' id='block_1_5' title="bbox 130 1764 1262 1853">
    <p class='ocr_par' dir='ltr' id='par_1_5' title="bbox 130 1764 1262 1853">
     <span class='ocr_line' id='line_1_15' title="bbox 130 1764 1262 1853; baseline 0 -25"><span class='ocrx_word' id='word_1_118' title='bbox 130 1803 134 1812; x_wconf 80' lang='lat'><em>·</em></span> <span class='ocrx_word' id='word_1_119' title='bbox 265 1765 328 1828; x_wconf 86' lang='lat' dir='ltr'>niae</span> <span class='ocrx_word' id='word_1_120' title='bbox 353 1764 481 1840; x_wconf 75' lang='lat' dir='ltr'>utrum,</span> <span class='ocrx_word' id='word_1_121' title='bbox 503 1765 590 1826; x_wconf 90' lang='lat' dir='ltr'>hodie</span> <span class='ocrx_word' id='word_1_122' title='bbox 608 1765 695 1845; x_wconf 85' lang='lat' dir='ltr'>vulgo</span> <span class='ocrx_word' id='word_1_123' title='bbox 715 1767 810 1828; x_wconf 83' lang='lat' dir='ltr'>Pierra</span> <span class='ocrx_word' id='word_1_124' title='bbox 826 1769 915 1830; x_wconf 84' lang='lat' dir='ltr'>Sarra</span> <span class='ocrx_word' id='word_1_125' title='bbox 944 1771 1104 1853; x_wconf 82' lang='lat' dir='ltr'>nuncupari</span> <span class='ocrx_word' id='word_1_126' title='bbox 1124 1767 1262 1836; x_wconf 81' lang='lat' dir='ltr'>referunt.</span> 
     </span>
    </p>
   </div>
   <div class='ocr_carea' id='block_1_6' title="bbox 267 1860 753 1936">
    <p class='ocr_par' dir='ltr' id='par_1_6' title="bbox 267 1860 753 1936">
     <span class='ocr_line' id='line_1_16' title="bbox 267 1860 753 1936; baseline 0.006 -10"><span class='ocrx_word' id='word_1_127' title='bbox 267 1881 296 1926; x_wconf 85' lang='lat' dir='ltr'>.v.</span> <span class='ocrx_word' id='word_1_128' title='bbox 313 1860 461 1933; x_wconf 75' lang='lat' dir='ltr'>Cluverius</span> <span class='ocrx_word' id='word_1_129' title='bbox 482 1865 510 1929; x_wconf 79' lang='lat' dir='ltr'>u</span> <span class='ocrx_word' id='word_1_130' title='bbox 532 1863 668 1932; x_wconf 85' lang='lat' dir='ltr'>Ortelius.</span> <span class='ocrx_word' id='word_1_131' title='bbox 714 1865 753 1936; x_wconf 78' lang='lat' dir='ltr'>O.</span> 
     </span>
    </p>
   </div>
   <div class='ocr_carea' id='block_1_7' title="bbox 677 2033 848 2126">
    <p class='ocr_par' dir='ltr' id='par_1_7' title="bbox 677 2020 848 2126">
     <span class='ocr_line' id='line_1_17' title="bbox 677 2033 848 2126; baseline 0 -8"><span class='ocrx_word' id='word_1_132' title='bbox 677 2033 848 2126; x_wconf 78' lang='lat' dir='ltr'>Fucinus</span> 
     </span>
    </p>
   </div>
   <div class='ocr_carea' id='block_1_8' title="bbox 264 2228 1262 2514">
    <p class='ocr_par' dir='ltr' id='par_1_8' title="bbox 264 2228 1262 2514">
     <span class='ocr_line' id='line_1_18' title="bbox 307 2228 848 2312; baseline 0.006 -18"><span class='ocrx_word' id='word_1_133' title='bbox 307 2246 335 2294; x_wconf 86' lang='lat' dir='ltr'>v.</span> <span class='ocrx_word' id='word_1_134' title='bbox 353 2228 484 2308; x_wconf 85' lang='lat' dir='ltr'>Virgilius</span> <span class='ocrx_word' id='word_1_135' title='bbox 502 2234 572 2296; x_wconf 82' lang='lat' dir='ltr'>Aen.</span> <span class='ocrx_word' id='word_1_136' title='bbox 593 2231 626 2294; x_wconf 76' lang='lat' dir='ltr'>L.</span> <span class='ocrx_word' id='word_1_137' title='bbox 644 2231 708 2295; x_wconf 86' lang='lat' dir='ltr'>Vll.</span> <span class='ocrx_word' id='word_1_138' title='bbox 731 2254 758 2294; x_wconf 84' lang='lat' dir='ltr'>r.</span> <span class='ocrx_word' id='word_1_139' title='bbox 780 2241 848 2312; x_wconf 79' lang='lat'>756.</span> 
     </span>
     <span class='ocr_line' id='line_1_19' title="bbox 393 2329 1092 2418; baseline 0.003 -30"><span class='ocrx_word' id='word_1_140' title='bbox 393 2331 531 2390; x_wconf 83' lang='lat' dir='ltr'>Tenemus</span> <span class='ocrx_word' id='word_1_141' title='bbox 554 2331 708 2418; x_wconf 75' lang='lat' dir='ltr'>Angitiae,</span> <span class='ocrx_word' id='word_1_142' title='bbox 731 2331 818 2398; x_wconf 76' lang='lat' dir='ltr'>vitreo</span> <span class='ocrx_word' id='word_1_143' title='bbox 835 2349 861 2397; x_wconf 77' lang='lat' dir='ltr'>re</span> <span class='ocrx_word' id='word_1_144' title='bbox 876 2329 994 2396; x_wconf 76' lang='lat' dir='ltr'>Fucinus</span> <span class='ocrx_word' id='word_1_145' title='bbox 1011 2331 1092 2394; x_wconf 76' lang='lat' dir='ltr'>unda.</span> 
     </span>
     <span class='ocr_line' id='line_1_20' title="bbox 264 2425 1262 2514; baseline 0.005 -24"><span class='ocrx_word' id='word_1_146' title='bbox 264 2425 369 2501; x_wconf 86' lang='lat' dir='ltr'>Nescio</span> <span class='ocrx_word' id='word_1_147' title='bbox 385 2445 501 2505; x_wconf 80' lang='lat' dir='ltr'>autern,</span> <span class='ocrx_word' id='word_1_148' title='bbox 522 2449 579 2514; x_wconf 87' lang='lat' dir='ltr'>quo</span> <span class='ocrx_word' id='word_1_149' title='bbox 598 2433 681 2510; x_wconf 77' lang='lat' dir='ltr'>pacto</span> <span class='ocrx_word' id='word_1_150' title='bbox 705 2431 780 2499; x_wconf 88' lang='lat' dir='ltr'>dicat</span> <span class='ocrx_word' id='word_1_151' title='bbox 801 2427 1004 2496; x_wconf 82' lang='lat' dir='ltr'>Emmenellms</span> <span class='ocrx_word' id='word_1_152' title='bbox 1027 2429 1063 2490; x_wconf 88' lang='lat' dir='ltr'>ad</span> <span class='ocrx_word' id='word_1_153' title='bbox 1084 2431 1118 2490; x_wconf 86' lang='lat' dir='ltr'>h.</span> <span class='ocrx_word' id='word_1_154' title='bbox 1139 2429 1158 2492; x_wconf 95' lang='lat' dir='ltr'>l.</span> <span class='ocrx_word' id='word_1_155' title='bbox 1178 2431 1262 2494; x_wconf 84' lang='lat' dir='ltr'>Fuci·</span> 
     </span>
    </p>
   </div>
   <div class='ocr_carea' id='block_1_9' title="bbox 67 2529 1263 2626">
    <p class='ocr_par' dir='ltr' id='par_1_9' title="bbox 67 2529 1263 2626">
     <span class='ocr_line' id='line_1_21' title="bbox 67 2529 1263 2626; baseline 0 -35"><span class='ocrx_word' id='word_1_156' title='bbox 67 2551 69 2562; x_wconf 72' lang='lat'><em>¹</em></span> <span class='ocrx_word' id='word_1_157' title='bbox 155 2590 161 2604; x_wconf 63' lang='grc'><strong><em>,</em></strong></span> <span class='ocrx_word' id='word_1_158' title='bbox 265 2548 336 2598; x_wconf 88' lang='lat' dir='ltr'>nuru</span> <span class='ocrx_word' id='word_1_159' title='bbox 354 2529 384 2588; x_wconf 91' lang='lat' dir='ltr'>in</span> <span class='ocrx_word' id='word_1_160' title='bbox 401 2529 524 2598; x_wconf 83' lang='lat' dir='ltr'>Lucania</span> <span class='ocrx_word' id='word_1_161' title='bbox 552 2547 660 2608; x_wconf 82' lang='lat' dir='ltr'>ponere</span> <span class='ocrx_word' id='word_1_162' title='bbox 678 2529 814 2605; x_wconf 90' lang='lat' dir='ltr'>Vibium,</span> <span class='ocrx_word' id='word_1_163' title='bbox 845 2548 969 2610; x_wconf 88' lang='lat' dir='ltr'>eumque</span> <span class='ocrx_word' id='word_1_164' title='bbox 988 2529 1038 2626; x_wconf 47' lang='lat' dir='ltr'>ob⁸</span> <span class='ocrx_word' id='word_1_165' title='bbox 1053 2529 1083 2590; x_wconf 92' lang='lat' dir='ltr'>id</span> <span class='ocrx_word' id='word_1_166' title='bbox 1107 2531 1263 2596; x_wconf 84' lang='lat' dir='ltr'>refutaria</span> 
     </span>
    </p>
   </div>
   <div class='ocr_carea' id='block_1_10' title="bbox 204 2625 1269 4086">
    <p class='ocr_par' dir='ltr' id='par_1_10' title="bbox 204 2625 1263 3103">
     <span class='ocr_line' id='line_1_22' title="bbox 204 2625 1260 2716; baseline 0.004 -30"><span class='ocrx_word' id='word_1_167' title='bbox 204 2637 206 2643; x_wconf 73' lang='grc'><strong>“</strong></span> <span class='ocrx_word' id='word_1_168' title='bbox 265 2625 408 2708; x_wconf 72' lang='lat' dir='ltr'>Cluverio.</span> <span class='ocrx_word' id='word_1_169' title='bbox 441 2629 533 2703; x_wconf 89' lang='lat' dir='ltr'>Hujus</span> <span class='ocrx_word' id='word_1_170' title='bbox 554 2627 618 2698; x_wconf 86' lang='lat' dir='ltr'>Ital.</span> <span class='ocrx_word' id='word_1_171' title='bbox 633 2629 720 2707; x_wconf 91' lang='lat' dir='ltr'>antiq.</span> <span class='ocrx_word' id='word_1_172' title='bbox 746 2631 804 2704; x_wconf 75' lang='lat' dir='ltr'>jam</span> <span class='ocrx_word' id='word_1_173' title='bbox 828 2629 899 2690; x_wconf 90' lang='lat' dir='ltr'>mihi</span> <span class='ocrx_word' id='word_1_174' title='bbox 929 2647 988 2716; x_wconf 90' lang='lat' dir='ltr'>non</span> <span class='ocrx_word' id='word_1_175' title='bbox 1012 2628 1052 2693; x_wconf 85' lang='lat' dir='ltr'>est</span> <span class='ocrx_word' id='word_1_176' title='bbox 1081 2629 1111 2687; x_wconf 89' lang='lat' dir='ltr'>in</span> <span class='ocrx_word' id='word_1_177' title='bbox 1135 2644 1260 2706; x_wconf 88' lang='lat' dir='ltr'>promtu.</span> 
     </span>
     <span class='ocr_line' id='line_1_23' title="bbox 264 2725 1263 2810; baseline -0.001 -22"><span class='ocrx_word' id='word_1_178' title='bbox 264 2725 368 2798; x_wconf 76' lang='lat' dir='ltr'>Forsan</span> <span class='ocrx_word' id='word_1_179' title='bbox 386 2740 577 2806; x_wconf 80' lang='lat' dir='ltr'>peccaverunt</span> <span class='ocrx_word' id='word_1_180' title='bbox 597 2746 701 2806; x_wconf 84' lang='lat' dir='ltr'>operae</span> <span class='ocrx_word' id='word_1_181' title='bbox 717 2728 878 2798; x_wconf 85' lang='lat' dir='ltr'>Hackianae</span> <span class='ocrx_word' id='word_1_182' title='bbox 898 2727 1173 2810; x_wconf 84' lang='lat' dir='ltr'>Wolfgangianaere</span> <span class='ocrx_word' id='word_1_183' title='bbox 1184 2727 1263 2806; x_wconf 89' lang='lat' dir='ltr'>plus·</span> 
     </span>
     <span class='ocr_line' id='line_1_24' title="bbox 265 2815 1260 2906; baseline -0.002 -18"><span class='ocrx_word' id='word_1_184' title='bbox 265 2845 352 2904; x_wconf 79' lang='lat' dir='ltr'>quam</span> <span class='ocrx_word' id='word_1_185' title='bbox 372 2845 460 2895; x_wconf 88' lang='lat' dir='ltr'>unam</span> <span class='ocrx_word' id='word_1_186' title='bbox 476 2825 612 2904; x_wconf 84' lang='lat' dir='ltr'>syllabam</span> <span class='ocrx_word' id='word_1_187' title='bbox 626 2827 770 2902; x_wconf 83' lang='lat' dir='ltr'>Fucirrur)</span> <span class='ocrx_word' id='word_1_188' title='bbox 800 2827 884 2894; x_wconf 83' lang='lat' dir='ltr'>Hunc</span> <span class='ocrx_word' id='word_1_189' title='bbox 902 2826 992 2890; x_wconf 85' lang='lat' dir='ltr'>lacum</span> <span class='ocrx_word' id='word_1_190' title='bbox 1015 2815 1183 2906; x_wconf 77' lang='lat' dir='ltr'>reponentes¹</span> <span class='ocrx_word' id='word_1_191' title='bbox 1204 2845 1260 2902; x_wconf 90' lang='lat' dir='ltr'>pro</span> 
     </span>
     <span class='ocr_line' id='line_1_25' title="bbox 263 2922 1259 3010; baseline -0.001 -25"><span class='ocrx_word' id='word_1_192' title='bbox 263 2925 435 3008; x_wconf 74' lang='lat' dir='ltr'>Anguiriae)</span> <span class='ocrx_word' id='word_1_193' title='bbox 460 2926 543 2994; x_wconf 81' lang='lat' dir='ltr'>Hunc</span> <span class='ocrx_word' id='word_1_194' title='bbox 560 2923 659 2992; x_wconf 83' lang='lat' dir='ltr'>lucum.</span> <span class='ocrx_word' id='word_1_195' title='bbox 684 2926 772 3010; x_wconf 85' lang='lat' dir='ltr'>Quod</span> <span class='ocrx_word' id='word_1_196' title='bbox 796 2925 816 2992; x_wconf 80' lang='lat' dir='ltr'>st</span> <span class='ocrx_word' id='word_1_197' title='bbox 840 2925 948 2994; x_wconf 72' lang='lat' dir='ltr'>fotium</span> <span class='ocrx_word' id='word_1_198' title='bbox 968 2926 1072 3001; x_wconf 86' lang='lat' dir='ltr'>fuerit,</span> <span class='ocrx_word' id='word_1_199' title='bbox 1095 2922 1259 2991; x_wconf 84' lang='lat' dir='ltr'>Emmenes·</span> 
     </span>
     <span class='ocr_line' id='line_1_26' title="bbox 262 3023 1260 3103; baseline 0 -19"><span class='ocrx_word' id='word_1_200' title='bbox 262 3025 318 3094; x_wconf 77' lang='lat' dir='ltr'>frus</span> <span class='ocrx_word' id='word_1_201' title='bbox 338 3025 408 3093; x_wconf 83' lang='lat' dir='ltr'>mihi</span> <span class='ocrx_word' id='word_1_202' title='bbox 428 3024 539 3084; x_wconf 87' lang='lat' dir='ltr'>videtur</span> <span class='ocrx_word' id='word_1_203' title='bbox 562 3023 752 3087; x_wconf 84' lang='lat' dir='ltr'>absolvendus</span> <span class='ocrx_word' id='word_1_204' title='bbox 772 3023 827 3090; x_wconf 80' lang='lat' dir='ltr'>elle</span> <span class='ocrx_word' id='word_1_205' title='bbox 850 3023 1010 3103; x_wconf 80' lang='lat' dir='ltr'>suspicione</span> <span class='ocrx_word' id='word_1_206' title='bbox 1034 3023 1178 3098; x_wconf 75' lang='lat' dir='ltr'>incuriae·²</span> <span class='ocrx_word' id='word_1_207' title='bbox 1215 3023 1260 3092; x_wconf 82' lang='lat' dir='ltr'>sm</span> 
     </span>
    </p>

    <p class='ocr_par' dir='ltr' id='par_1_11' title="bbox 244 3121 1269 4086">
     <span class='ocr_line' id='line_1_27' title="bbox 244 3121 1259 3208; baseline 0.007 -28"><span class='ocrx_word' id='word_1_208' title='bbox 244 3124 377 3196; x_wconf 29' lang='lat' dir='ltr'>rufinus,</span> <span class='ocrx_word' id='word_1_209' title='bbox 396 3122 560 3192; x_wconf 85' lang='lat' dir='ltr'>dormitavit</span> <span class='ocrx_word' id='word_1_210' title='bbox 577 3124 682 3208; x_wconf 88' lang='lat' dir='ltr'>utique.</span> <span class='ocrx_word' id='word_1_211' title='bbox 719 3122 850 3202; x_wconf 68' lang='lat' dir='ltr'>inspecto</span> <span class='ocrx_word' id='word_1_212' title='bbox 873 3125 991 3190; x_wconf 90' lang='lat' dir='ltr'>demum</span> <span class='ocrx_word' id='word_1_213' title='bbox 1011 3121 1143 3190; x_wconf 83' lang='lat' dir='ltr'>Cluvetio</span> <span class='ocrx_word' id='word_1_214' title='bbox 1169 3121 1202 3191; x_wconf 82' lang='lat' dir='ltr'>L.</span> <span class='ocrx_word' id='word_1_215' title='bbox 1216 3121 1259 3190; x_wconf 87' lang='lat' dir='ltr'>ll.</span> 
     </span>
     <span class='ocr_line' id='line_1_28' title="bbox 262 3222 1261 3304; baseline -0.001 -21"><span class='ocrx_word' id='word_1_216' title='bbox 262 3241 326 3304; x_wconf 84' lang='lat' dir='ltr'>pag.</span> <span class='ocrx_word' id='word_1_217' title='bbox 346 3239 414 3298; x_wconf 80' lang='lat'>771.</span> <span class='ocrx_word' id='word_1_218' title='bbox 438 3222 624 3284; x_wconf 87' lang='lat' dir='ltr'>animadverti</span> <span class='ocrx_word' id='word_1_219' title='bbox 646 3223 684 3283; x_wconf 90' lang='lat' dir='ltr'>de</span> <span class='ocrx_word' id='word_1_220' title='bbox 707 3224 860 3301; x_wconf 71' lang='lat' dir='ltr'>Angustia,</span> <span class='ocrx_word' id='word_1_221' title='bbox 898 3222 940 3284; x_wconf 91' lang='lat' dir='ltr'>uti</span> <span class='ocrx_word' id='word_1_222' title='bbox 963 3224 1164 3298; x_wconf 86' lang='lat' dir='ltr'>conjeceram,</span> <span class='ocrx_word' id='word_1_223' title='bbox 1192 3239 1261 3288; x_wconf 86' lang='lat' dir='ltr'>eum</span> 
     </span>
     <span class='ocr_line' id='line_1_29' title="bbox 262 3319 1259 3406; baseline 0 -24"><span class='ocrx_word' id='word_1_224' title='bbox 262 3338 353 3406; x_wconf 82' lang='lat' dir='ltr'>agere.</span> <span class='ocrx_word' id='word_1_225' title='bbox 376 3330 512 3384; x_wconf 70' lang='lat' dir='ltr'>mussat.</span> <span class='ocrx_word' id='word_1_226' title='bbox 597 3319 720 3386; x_wconf 86' lang='lat' dir='ltr'>Fucinus</span> <span class='ocrx_word' id='word_1_227' title='bbox 736 3321 814 3389; x_wconf 69' lang='lat' dir='ltr'>tatus</span> <span class='ocrx_word' id='word_1_228' title='bbox 829 3322 918 3390; x_wconf 85' lang='lat' dir='ltr'>hodie</span> <span class='ocrx_word' id='word_1_229' title='bbox 934 3340 1048 3400; x_wconf 91' lang='lat' dir='ltr'>quoque</span> <span class='ocrx_word' id='word_1_230' title='bbox 1069 3319 1133 3402; x_wconf 76' lang='lat' dir='ltr'>lage</span> <span class='ocrx_word' id='word_1_231' title='bbox 1146 3321 1259 3394; x_wconf 83' lang='lat' dir='ltr'>Fucino,</span> 
     </span>
     <span class='ocr_line' id='line_1_30' title="bbox 260 3415 1260 3504; baseline -0.008 -20"><span class='ocrx_word' id='word_1_232' title='bbox 260 3425 388 3500; x_wconf 86' lang='lat' dir='ltr'>itemque</span> <span class='ocrx_word' id='word_1_233' title='bbox 402 3419 437 3480; x_wconf 91' lang='lat' dir='ltr'>ab</span> <span class='ocrx_word' id='word_1_234' title='bbox 456 3419 568 3498; x_wconf 89' lang='lat' dir='ltr'>oppidis</span> <span class='ocrx_word' id='word_1_235' title='bbox 582 3422 662 3496; x_wconf 81' lang='lat' dir='ltr'>juxta</span> <span class='ocrx_word' id='word_1_236' title='bbox 680 3419 737 3482; x_wconf 77' lang='lat' dir='ltr'>sitis</span> <span class='ocrx_word' id='word_1_237' title='bbox 754 3419 776 3482; x_wconf 87' lang='lat' dir='ltr'>il</span> <span class='ocrx_word' id='word_1_238' title='bbox 789 3419 853 3504; x_wconf 76' lang='lat' dir='ltr'>lago</span> <span class='ocrx_word' id='word_1_239' title='bbox 869 3421 898 3478; x_wconf 84' lang='lat' dir='ltr'>di</span> <span class='ocrx_word' id='word_1_240' title='bbox 916 3419 1015 3479; x_wconf 78' lang='lat' dir='ltr'>celano</span> <span class='ocrx_word' id='word_1_241' title='bbox 1034 3417 1081 3480; x_wconf 89' lang='lat' dir='ltr'>vel</span> <span class='ocrx_word' id='word_1_242' title='bbox 1095 3418 1125 3476; x_wconf 81' lang='lat' dir='ltr'>di</span> <span class='ocrx_word' id='word_1_243' title='bbox 1146 3415 1260 3500; x_wconf 81' lang='lat' dir='ltr'>Taglia·</span> 
     </span>
     <span class='ocr_line' id='line_1_31' title="bbox 260 3515 1258 3604; baseline -0.003 -23"><span class='ocrx_word' id='word_1_244' title='bbox 260 3542 341 3604; x_wconf 64' lang='lat' dir='ltr'>rosto</span> <span class='ocrx_word' id='word_1_245' title='bbox 364 3517 506 3584; x_wconf 81' lang='lat' dir='ltr'>salutatur.</span> <span class='ocrx_word' id='word_1_246' title='bbox 529 3517 563 3580; x_wconf 93' lang='lat' dir='ltr'>In</span> <span class='ocrx_word' id='word_1_247' title='bbox 582 3518 681 3586; x_wconf 75' lang='lat' dir='ltr'>Marsis</span> <span class='ocrx_word' id='word_1_248' title='bbox 702 3519 865 3582; x_wconf 85' lang='lat' dir='ltr'>constanter</span> <span class='ocrx_word' id='word_1_249' title='bbox 891 3520 1017 3598; x_wconf 91' lang='lat' dir='ltr'>ponitur.</span> <span class='ocrx_word' id='word_1_250' title='bbox 1050 3516 1107 3579; x_wconf 89' lang='lat' dir='ltr'>Dio</span> <span class='ocrx_word' id='word_1_251' title='bbox 1136 3517 1168 3579; x_wconf 90' lang='lat' dir='ltr'>L.</span> <span class='ocrx_word' id='word_1_252' title='bbox 1193 3515 1258 3585; x_wconf 80' lang='lat' dir='ltr'>tx.</span> 
     </span>
     <span class='ocr_line' id='line_1_32' title="bbox 259 3611 1260 3707; baseline -0.011 -24"><span class='ocrx_word' id='word_1_253' title='bbox 259 3627 379 3707; x_wconf 76' lang='lat' dir='ltr'><strong>P··⁶72·</strong></span> <span class='ocrx_word' id='word_1_254' title='bbox 402 3613 450 3678; x_wconf 71' lang='lat' dir='ltr'>‘sl&#39;</span> <span class='ocrx_word' id='word_1_255' title='bbox 469 3611 496 3673; x_wconf 59' lang='lat' dir='ltr'>ll</span> <span class='ocrx_word' id='word_1_256' title='bbox 518 3612 603 3690; x_wconf 55' lang='lat' dir='ltr'>illvm</span> <span class='ocrx_word' id='word_1_257' title='bbox 628 3614 669 3678; x_wconf 71' lang='lat' dir='ltr'>vir</span> <span class='ocrx_word' id='word_1_258' title='bbox 692 3617 812 3680; x_wconf 62' lang='lat' dir='ltr'>medear,</span> <span class='ocrx_word' id='word_1_259' title='bbox 834 3615 875 3681; x_wconf 69' lang='lat' dir='ltr'>vrit</span> <span class='ocrx_word' id='word_1_260' title='bbox 901 3619 948 3675; x_wconf 66' lang='lat' dir='ltr'>‘telo</span> <span class='ocrx_word' id='word_1_261' title='bbox 975 3615 1109 3692; x_wconf 57' lang='lat' dir='ltr'>Memorio,</span> <span class='ocrx_word' id='word_1_262' title='bbox 1151 3611 1260 3676; x_wconf 63' lang='grc' dir='ltr'>ἦθὲλησε</span> 
     </span>
     <span class='ocr_line' id='line_1_33' title="bbox 260 3712 1258 3790; baseline 0 -17"><span class='ocrx_word' id='word_1_263' title='bbox 260 3719 272 3773; x_wconf 78' lang='grc' dir='ltr'><strong>ὅ</strong></span> <span class='ocrx_word' id='word_1_264' title='bbox 296 3713 435 3781; x_wconf 56' lang='lat' dir='ltr'>molt&amp;</span> <span class='ocrx_word' id='word_1_265' title='bbox 456 3717 477 3776; x_wconf 80' lang='lat' dir='ltr'>it</span> <span class='ocrx_word' id='word_1_266' title='bbox 506 3718 544 3770; x_wconf 76' lang='lat' dir='ltr'>eir</span> <span class='ocrx_word' id='word_1_267' title='bbox 574 3712 678 3784; x_wconf 64' lang='lat' dir='ltr'>Tlssflffl</span> <span class='ocrx_word' id='word_1_268' title='bbox 699 3718 841 3790; x_wconf 65' lang='grc' dir='ltr'>ἐξαγαγεῖν.</span> <span class='ocrx_word' id='word_1_269' title='bbox 877 3716 979 3782; x_wconf 81' lang='lat' dir='ltr'>Strabo</span> <span class='ocrx_word' id='word_1_270' title='bbox 995 3728 1093 3780; x_wconf 83' lang='lat' dir='ltr'>tamen</span> <span class='ocrx_word' id='word_1_271' title='bbox 1122 3714 1155 3778; x_wconf 82' lang='lat' dir='ltr'>L.</span> <span class='ocrx_word' id='word_1_272' title='bbox 1173 3713 1209 3780; x_wconf 71' lang='lat' dir='ltr'>V,</span> <span class='ocrx_word' id='word_1_273' title='bbox 1228 3732 1258 3790; x_wconf 91' lang='lat' dir='ltr'>p.</span> 
     </span>
     <span class='ocr_line' id='line_1_34' title="bbox 261 3811 1258 3895; baseline -0.006 -17"><span class='ocrx_word' id='word_1_274' title='bbox 261 3833 331 3887; x_wconf 84' lang='lat'>240.</span> <span class='ocrx_word' id='word_1_275' title='bbox 355 3812 415 3875; x_wconf 88' lang='lat' dir='ltr'>aliis</span> <span class='ocrx_word' id='word_1_276' title='bbox 434 3829 548 3891; x_wconf 92' lang='lat' dir='ltr'>quoque</span> <span class='ocrx_word' id='word_1_277' title='bbox 563 3811 695 3890; x_wconf 83' lang='lat' dir='ltr'>gentibus</span> <span class='ocrx_word' id='word_1_278' title='bbox 713 3814 797 3895; x_wconf 79' lang='lat' dir='ltr'>cingi¹</span> <span class='ocrx_word' id='word_1_279' title='bbox 821 3833 890 3880; x_wconf 87' lang='lat' dir='ltr'>eum</span> <span class='ocrx_word' id='word_1_280' title='bbox 918 3814 1014 3888; x_wconf 85' lang='lat' dir='ltr'>lacum</span> <span class='ocrx_word' id='word_1_281' title='bbox 1038 3825 1258 3880; x_wconf 85' lang='lat' dir='ltr'>commemorat.</span> 
     </span>
     <span class='ocr_line' id='line_1_35' title="bbox 257 3911 1269 3996; baseline -0.002 -24"><span class='ocrx_word' id='word_1_282' title='bbox 257 3913 339 3976; x_wconf 87' lang='lat' dir='ltr'>Idem</span> <span class='ocrx_word' id='word_1_283' title='bbox 360 3932 462 3996; x_wconf 86' lang='lat' dir='ltr'>aquam</span> <span class='ocrx_word' id='word_1_284' title='bbox 483 3911 622 3974; x_wconf 80' lang='lat' dir='ltr'>Marciam</span> <span class='ocrx_word' id='word_1_285' title='bbox 648 3913 715 3973; x_wconf 88' lang='lat' dir='ltr'>inde</span> <span class='ocrx_word' id='word_1_286' title='bbox 738 3914 860 3977; x_wconf 83' lang='lat' dir='ltr'>derivari</span> <span class='ocrx_word' id='word_1_287' title='bbox 882 3913 1269 3990; x_wconf 58' lang='lat' dir='ltr'>Romanorumque</span> 
     </span>
     <span class='ocr_line' id='line_1_36' title="bbox 254 4001 1258 4086; baseline -0.003 -16"><span class='ocrx_word' id='word_1_288' title='bbox 254 4009 366 4074; x_wconf 73' lang='lat' dir='ltr'>,Plinius</span> <span class='ocrx_word' id='word_1_289' title='bbox 386 4029 402 4070; x_wconf 88' lang='lat' dir='ltr'>e</span> <span class='ocrx_word' id='word_1_290' title='bbox 421 4001 539 4086; x_wconf 84' lang='lat' dir='ltr'>Pelig&#39;nis</span> <span class='ocrx_word' id='word_1_291' title='bbox 558 4023 636 4072; x_wconf 81' lang='lat' dir='ltr'>trano</span> <span class='ocrx_word' id='word_1_292' title='bbox 651 4010 807 4076; x_wconf 76' lang='lat' dir='ltr'>marsos&amp;</span> <span class='ocrx_word' id='word_1_293' title='bbox 832 4013 974 4076; x_wconf 87' lang='lat' dir='ltr'>Fucinum</span> <span class='ocrx_word' id='word_1_294' title='bbox 1006 4012 1103 4074; x_wconf 90' lang='lat' dir='ltr'>lacum</span> <span class='ocrx_word' id='word_1_295' title='bbox 1131 4009 1258 4073; x_wconf 87' lang='lat' dir='ltr'>defluere</span> 
     </span>
    </p>
   </div>
   <div class='ocr_carea' id='block_1_11' title="bbox 0 0 1420 4716">
    <p class='ocr_par' dir='ltr' id='par_1_12' title="bbox 0 0 1420 4716">
     <span class='ocr_line' id='line_1_37' title="bbox 0 0 1420 4716; baseline 0 3"><span class='ocrx_word' id='word_1_296' title='bbox 0 0 1420 4716; x_wconf 95' lang='lat' dir='ltr'> </span> 
     </span>
    </p>
   </div>
  </div>
 </body>
</html>
