2780 4712
375 279 378 284 ·
425 276 498 340 sn
556 277 808 344 sturnus
1054 253 1108 376 '65

109 452 135 524 3,
156 442 250 523 perior
268 449 366 504 tamen
397 430 460 514 ejus
487 457 554 516 pars
576 437 693 502 afonte
725 435 871 516 adpellata
893 435 976 502 fuisse
998 441 1112 507 videtur

103 569 135 620 ς,
159 534 343 621 Antispstorus
373 535 552 614 (legendum
580 536 627 600 hie
649 532 891 618 Anatisploros):
912 540 1023 616 media,
1057 549 1112 620 qua¹

111 686 135 719 „
157 639 255 704 subter
268 653 376 700 terrant
388 634 516 706 fluebat,
531 637 623 696 Amr:
640 636 769 709 extima,
789 637 825 698 ad
843 654 920 698 mare
937 637 1024 715 usque
1037 642 1114 700 Ana«
1136 661 1138 665 ⁴

111 781 135 816 ,‚
155 759 215 821 pos.
233 777 255 811 „
298 736 370 798 Non
385 734 518 812 prosetio'
532 733 706 796 satisfaciunt
718 733 790 796 haec
811 733 955 814 Cluverii,
990 757 1045 802 nec
1070 753 1111 801 ta.

110 855 183 900 men
201 834 320 897 meliora
337 833 446 896 suntin
464 845 622 910 promptu,
645 851 718 911 quae
733 831 860 900 afferam.
905 834 1033 898 Subinde
1048 839 1111 911 ejus

110 926 239 1000 fluminis
261 937 369 996 mutata
385 931 440 994 else
462 932 599 1004 nomina,
622 949 659 992 err
680 943 827 1010 anonymo
854 931 1021 995 Ravennste
1039 953 1112 1012 quo.

109 1055 168 1114 que
182 1047 282 1113 patet,
305 1033 352 1094 cui
368 1031 407 1094 est
428 1025 620 1112 Anapofizlios.
672 1027 936 1108 Perperaminscia
960 1025 1110 1109 plebecula

107 1134 215 1213 Alphei
234 1151 342 1194 nomen
362 1131 450 1192 hodie
466 1131 566 1210 Aoapo
580 1127 688 1193 tribuit.
734 1126 764 1188 sl
777 1125 861 1204 fietne
882 1121 1004 1206 d'Alfeo
1028 1131 1108 1203 dici,

108 1231 227 1294 testatur
253 1231 382 1304 Aretias,
417 1229 518 1289 erroris
549 1225 670 1289 caussam
694 1245 731 1287 ex
753 1223 857 1288 bbulis
894 1227 991 1305 priscis
1018 1231 1110 1307 aperit

107 1328 268 1394 Dorvillius
283 1331 314 1388 in
330 1326 431 1390 Siculis
446 1325 482 1389 T.
509 1325 532 1388 l.
543 1345 572 1404 p.
594 1337 660 1396 182·
684 1324 891 1404 Syracusanum
910 1328 999 1406 rigare
1009 1349 1108 1407 agrum

109 1427 189 1492 hunc
209 1427 338 1488 nostrum
355 1429 485 1503 Anapum
507 1443 544 1486 ex
568 1423 665 1503 Cyane
688 1423 856 1500 intelligitur
875 1424 977 1502 sonte,
1007 1429 1108 1506 quiin

111 1527 216 1587 eodem
232 1523 501 1603 potabatur,Plinio
518 1522 586 1584 teste
604 1523 635 1587 L.
653 1521 706 1584 lll.
723 1543 748 1585 c.
765 1534 799 1598 8,
824 1527 851 1586 s
873 1545 999 1602 quocum
1021 1521 1110 1606 aquas¹

111 1621 173 1685 suas
199 1622 336 1686 miscebat
352 1623 422 1696 iste,
445 1635 478 1684 ur
498 1621 585 1682 refert
600 1621 722 1684 Ovidius
738 1621 776 1683 L..
788 1621 825 1684 ll.
842 1642 878 1684 ex
893 1625 986 1687 Ponto
1006 1646 1053 1705 ep.
1065 1627 1106 1691 X.

111 1738 142 1781 v.
158 1728 207 1783 26.
226 1720 374 1800 Syracusas
390 1722 511 1782 inter&
539 1718 704 1782 suburbium
725 1720 913 1800 Olympicum
939 1725 970 1785 in
990 1739 1107 1804 portum

113 1837 249 1898 magnum
265 1819 435 1886 infunditur.
479 1817 594 1898 illyrica
613 1821 727 1896 quoque
744 1821 823 1898 regio
839 1822 965 1900 itemque
987 1826 1109 1886 Acarna.

112 1918 162 1979 nia
178 1917 258 1982 suum
269 1918 319 1981 libi
336 1921 467 1997 Anapum
487 1918 600 1984 habuit.
643 1917 686 1978 Ab
701 1917 735 1979 iis
750 1917 885 1982 omnibus
897 1919 996 1998 'probe
1011 1919 1110 1982 dillin-

111 2019 243 2096 guendus
256 2021 360 2099 Anapis
376 2017 422 2080 vel
436 2019 575 2096 Anapias,
598 2015 755 2080 Catinensis
770 2017 878 2094 homo,
901 2020 983 2095 cujus
999 2021 1108 2082 &Am-

113 2115 246 2193 phinomi
263 2117 355 2180 fratris
372 2117 509 2196 pietatem
528 2117 559 2176 in
577 2131 728 2194 parentes,
751 2129 939 2181 memoratam
955 2117 1107 2196 Straboni,

113 2218 224 2278 nummi
243 2235 358 2294 quoque
373 2216 461 2279 Siculi
480 2211 628 2278 celebrant
649 2217 725 2293 apud
752 2215 927 2280 Parutam&
951 2217 1107 2281 Corteram.

114 2315 313 2384 conferendus
328 2317 447 2378 omnino
464 2315 642 2377 Burmannus
657 2315 688 2375 in
703 2319 811 2381 comm.
832 2316 877 2378 ad.
897 2315 965 2378 NN.
977 2315 1109 2378 Dorvillii

114 2434 142 2494 p.
163 2417 267 2492 314&
284 2427 351 2496 tls.
395 2417 545 2478 Nummus
556 2427 652 2476 tamen
665 2415 782 2477 l’arutae
794 2425 831 2492 78
848 2413 960 2478 tabulae
973 2413 1106 2491 XXXII,

115 2514 165 2588 qui
182 2513 297 2575 adversa
318 2526 398 2594 parte
415 2514 663 2593 Amphinomum,
686 2513 782 2576 aversa
791 2514 934 2592 Onapiam
954 2515 1108 2592 exprimit,

115 2608 315 2689 suspectusest
335 2611 520 2680 lll.,Castello
537 2611 567 2679 P.
587 2611 685 2688 LM.
716 2615 747 2674 in
773 2614 865 2691 prima
889 2613 1021 2691 aggiunta
1053 2611 1117 2700 alla¹

115 2708 208 2772 Sicilia
227 2711 422 2774 numismatica
443 2713 474 2778 di
496 2711 548 2792 Fil.
583 2711 700 2786 Paruta,
723 2730 796 2789 quae
819 2725 918 2798 extant
949 2725 1031 2772 tomo
1050 2709 1111 2776 XI..

116 2807 169 2869 de'i
200 2808 329 2889 opuscoli
357 2811 387 2873 di
406 2811 499 2890 autori
520 2809 655 2876 Siciliani.
699 2810 737 2875 Ο.

364 3053 366 3056 -
455 2965 459 2974 ’
539 3001 693 3137 ΑΙεὼίεΙ
724 2973 727 2978 ¹

155 3214 313 3294 Cellarius,
336 3214 466 3297 magistro
482 3215 579 3281 forsan
602 3221 630 3282 ἃ
655 3217 729 3280 duce
753 3215 906 3279 Rocharto'
921 3215 1011 3282 Chen.
1033 3218 1066 3283 L.
1082 3222 1117 3285 1.·

111 3333 140 3376 e.
166 3327 215 3386 28.
237 3334 266 3393 p.
288 3315 610 3396 538..Alabon.ptobat
625 3361 635 3392 ,
653 3317 689 3379 G.
710 3319 743 3378 A.
769 3315 804 3381 L.
826 3313 865 3378 ll.
890 3333 916 3377 c.
947 3335 994 3382 12.
1015 3317 1038 3394 i.
1057 3333 1114 3382 20.

116 3414 225 3492 quippe
245 3413 283 3474 fic
298 3413 440 3478 Diodorus
453 3415 508 3478 Sic.
532 3417 563 3478 L.
581 3415 631 3478 IV.
655 3435 690 3482 c.
701 3426 750 3486 80.
774 3417 802 3476 ἃ
821 3414 982 3492 Stephanus
995 3415 1063 3496 Byz.
1076 3419 1109 3480 in

114 3507 233 3584 sustin
276 3512 377 3573 Alabis
394 3527 513 3578 vocatur
529 3513 598 3579 Silio
614 3513 677 3579 Ital.
696 3513 728 3580 L.
744 3511 825 3576 XIV.
842 3531 872 3578 v.
892 3524 961 3585 228.
1000 3513 1111 3576 Alabus

113 3607 281 3674 Ptolemeo
307 3611 339 3678 L.
362 3612 413 3677 llI.
440 3633 478 3678 c..
495 3635 525 3688 4.
551 3633 585 3676 ac
610 3611 763 3676 Plutarcho
789 3610 896 3676 Timol.
921 3632 951 3690 p.
970 3629 1039 3686 252.
1061 3611 1116 3674 ubi

111 3705 209 3780 snam
235 3728 289 3788 pro
310 3711 411 3783 stenes
436 3715 604 3789 trajectione
622 3713 808 3782 litterarum„

152 3831 298 3914 haustas)
321 3831 459 3899 Cellariut
476 3837 659 3921 &vastatam
680 3836 774 3914 bene,
792 3837 839 3901 uti
852 3835 948 3902 credo.
969 3849 1110 3910 nssssu.

631 4029 655 4094 E
