2830 4716
326 418 333 436 ,
438 349 902 416 ranarurvrrrss‘m
1045 345 1125 455 ri,

123 515 247 596 mendo,
266 532 304 580 ex
320 509 418 596 priscis
436 513 598 578 auctoribus
615 527 701 594 atque
716 533 753 576 err
773 511 911 579 consensu
931 521 1124 587 recentiorum

4 681 6 688 ,
125 622 248 701 petitis,
272 629 374 680 contra
390 615 535 694 quendam
555 614 788 684 clementinum,
822 617 869 692 qui
888 631 941 694 pro
970 618 1042 681 Luso
1062 620 1127 684 scri-
1198 683 1200 688 ,

129 720 242 800 pserat,
265 716 414 779 ostendere
438 714 557 789 nititur,
594 712 675 775 nullo
701 715 790 774 modo
812 713 1018 778 dubitandum,
1057 714 1144 798 quin,

128 813 290 894 Pisciarello
305 815 392 877 suerit
407 811 551 876 Rubicon.
593 814 687 890 Atque
708 815 782 874 inter
799 811 853 874 asia
878 827 914 872 en
936 813 1070 879 Friderici
1088 820 1127 883 ΙΙ.

125 917 194 995 Imp
216 913 400 994 diplomate,
424 932 449 974 a.
471 919 559 987 1165.
585 911 751 973 diasostes
774 911 875 977 Uberti
890 912 1127 993 vice-constris,

126 1016 178 1094 qui
199 1013 367 1077 Caesenates
392 1013 467 1074 inter
487 1029 521 1072 ac
535 1009 726 1072 Ariminenses
747 1009 778 1070 in
797 1011 990 1072 eontroverfia
1010 1013 1047 1074 de
1066 1015 1130 1078 fini.

126 1112 182 1175 bus
197 1112 304 1175 arbiter
323 1107 452 1185 sederat,
475 1110 583 1186 judicio
609 1107 753 1187 patescere
775 1109 945 1184 contendit,
974 1111 1047 1188 ipsos
1067 1116 1130 1176 Ari·

127 1211 270 1274 minenses
290 1208 402 1272 saeculo
417 1209 489 1275 XII.
519 1207 688 1271 Pissatelium
709 1227 762 1285 pro
781 1203 931 1270 Rubicone
953 1212 1106 1288 agnovisse.

140 1344 143 1351 ·
175 1327 246 1388 Non
261 1324 411 1386 &rendam
426 1321 504 1386 han'c
521 1323 653 1399 injuriam
671 1336 746 1383 ratus
761 1321 886 1396 Jacobus
901 1319 1047 1402 villanus,
1070 1329 1134 1392 Ari·

130 1423 283 1498 rninensrs,
311 1424 416 1484 eodem
434 1441 512 1484 anno
531 1429 605 1497 1641
636 1421 773 1497 Arimini,
792 1422 893 1484 itidem
906 1424 943 1484 in·
957 1440 1055 1504 quarta
1072 1429 1131 1492 sor.
1205 1464 1208 1469 -
1244 1488 1247 1498 ,

132 1537 182 1584 ma
204 1521 411 1584 Ariminensem
427 1519 510 1584 suum
532 1517 714 1582 Rubiconem
737 1521 848 1596 edidit,
873 1521 1002 1586 thesauro
1016 1545 1131 1608 quoque

128 1623 219 1701 a'ntiq.
234 1621 295 1685 Itai.
320 1621 476 1696 insertum,
502 1621 533 1680 in
552 1639 610 1697 quo
627 1619 746 1681 fluvium
762 1639 813 1698 per
828 1619 1064 1700 prosopopoeiam
1084 1629 1129 1688 in·

132 1723 260 1785 troducit
281 1721 449 1782 asserentem
474 1717 504 1780 sc
528 1719 656 1780 Ariminii
684 1717 740 1779 essb
770 1738 831 1778 non
853 1717 1012 1796 caesenae,
1045 1735 1133 1806 atque

134 1833 301 1899 argumenta
325 1819 465 1898 Scipionis
482 1817 666 1880 claramontis
687 1815 874 1878 refellentem.
899 1817 1009 1897 iserge
1026 1823 1052 1883 di
1067 1821 1132 1886 ioca

137 1931 269 1982 veterum
296 1918 348 1980 srbi
374 1919 472 1980 favere
490 1915 642 1996 perhibet,
685 1915 826 1977 &nostra
857 1916 1031 1994 potiffimum
1056 1919 1134 1986 Vibii

131 2017 221 2081 verba
238 2029 345 2096 urget,
379 2019 616 2079 &marmoream
635 2013 761 2077 tabulam
788 2014 873 2093 paulo
891 2029 958 2078 ante
977 2016 1134 2098 expressam

105 2181 118 2192 ,
138 2117 237 2187 ridet,
260 2133 380 2193 eamque
400 2113 447 2177 vel
467 2114 618 2177 a'Blondo
637 2114 758 2176 effistam
784 2113 831 2200 vei
847 2101 984 2194 posnam,
1018 2119 1053 2180 ab
1079 2122 1136 2184 Ab.

132 2215 245 2296 gastine
267 2213 488 2285 Tarraconensr,
514 2213 656 2286 Grutero,
679 2212 831 2290 Cluverio',
847 2214 912 2276 aliis
933 2217 1062 2279 certatim
1086 2239 1137 2283 ex.

133 2314 246 2395 plosam
272 2313 379 2388 tradit3
401 2331 437 2374 ex
460 2312 568 2374 statiuis
585 2312 671 2374 etiam
694 2313 880 2376 Caesenat'ur'n
899 2289 1019 2378 abnatat
1040 2305 1135 2381 ¹'ostent

133 2414 223 2489 dere,
244 2409 414 2474 Pissatellum
432 2431 490 2473 non
510 2411 630 2474 fluvium
647 2411 696 2474 sed
722 2415 816 2475 rivum
835 2411 907 2489 esse,
932 2415 981 2492 qui
1009 2419 1136 2480 emendi.

132 2513 205 2575 catis
225 2509 308 2589 saepe
321 2511 399 2588 aquis
418 2511 488 2573 siuat
514 2512 541 2572 da
567 2510 673 2572 invitis.
706 2511 826 2576 Movere
846 2513 894 2573 ista
914 2531 930 2574 a
948 2513 1137 2592 Villano,ae·

133 2629 242 2692 queso
265 2610 362 2672 srmilia
386 2609 512 2688 aRaph.
536 2609 668 2672 Adimaro
686 2611 723 2670 de
748 2611 800 2672 Atu
823 2609 960 2685 Arimini,
992 2613 1135 2692 proposita

132 2711 336 2786 Harduinum,
360 2721 393 2772 ut
406 2710 443 2771 ad
469 2707 551 2772 Plinii
571 2707 669 2771 locum
693 2703 796 2784 Lusum
820 2707 944 2788 priscum
970 2709 1025 2771 esse
1046 2711 1138 2773 Rebi'·

135 2831 243 2876 conem
270 2807 409 2876 assereret.
1149 2785 1159 2808 ⁶

179 2910 299 2974 Biennio
314 2907 392 2988 post,
413 2912 542 2994 a.1643.
566 2923 603 2968 ne
619 2904 804 2969 anscnatum
827 2903 950 2969 caussam
971 2905 1136 2974 dereliiiarn

135 3007 221 3072 da'ret
241 3027 274 3070 ac
292 3008 490 3088 desperatam,
510 3007 695 3068 ¹Vincentius
713 3005 773 3084 ipse
801 3005 937 3068 Caesenas
968 3009 1072 3090 iterum
1100 3011 1138 3072 de

136 3107 293 3173 Rubicone
318 3109 436 3185 antiquo
452 3106 587 3169 adversus
612 3104 801 3169 Ariminenses
816 3101 965 3182 scriptores
996 3107 1138 3186 disputare

137 3205 282 3288 aggressus
295 3205 348 3268 esi.
380 3205 416 3268 Et
433 3205 507 3268 istud
528 3225 600 3284 opus
616 3205 647 3266 in
664 3203 734 3266 thes.
751 3205 838 3282 antiq.
858 3203 921 3266 Ital.
935 3201 972 3271 Τ.
987 3204 1064 3268 laud.
1089 3227 1139 3269 oc·

139 3309 239 3370 currit
254 3357 258 3364 .
276 3305 464 3369 Claromontii
483 3304 533 3367 hic
558 3304 672 3382 vestigia
700 3301 786 3381 legit,
822 3303 937 3382 ejusque
956 3303 1059 3382 placita
1089 3307 1141 3368 ad·

138 3405 238 3470 versus
262 3425 403 3483 nuperum
424 3405 568 3483 quendam
585 3401 789 3465 Ariminensem
811 3401 1076 3480 hypodidascalum,
1089 3401 1138 3481 qui

137 3502 235 3566 forsan
260 3503 311 3581 ipsr
334 3502 462 3565 Villanus
485 3503 545 3578 esi,
572 3501 732 3576 defendit,
763 3519 858 3579 neque
889 3503 1027 3572 conviciis
1048 3503 1139 3581 parcit

136 3603 269 3666 strenuus
293 3601 419 3663 bellator·

183 3702 218 3764 ln
235 3701 340 3764 eodem
358 3701 480 3764 thesauri
496 3697 644 3766 volumine
663 3719 747 3777 porro
764 3701 793 3762 dc
808 3697 837 3762 P.
855 3697 1042 3778 missinae
1066 3717 1139 3776 opus

138 3813 237 3874 extat,
264 3801 310 3861 cui
326 3801 350 3861 is
363 3799 515 3864 Faventiae
531 3801 675 3862 redivivae
694 3799 809 3861 titulum
836 3798 961 3872 fecerat,
1002 3797 1140 3876 quodque

139 3899 297 3962 Faventiae
319 3898 411 3960 forma
432 3913 480 3974 4ta
495 3917 579 3968 anne.
592 3909 672 3977 ¹⁶7⁰
690 3897 856 3976 adspexerat
871 3896 975 3960 lucem.
1008 3895 1063 3957 Hic
1082 3899 1141 3958 Ari.

137 3997 315 4066 minensrtrns
349 3996 442 4066 rursus
471 3997 660 4080 patrocinium
683 3995 900 4074 suscipiendum¹
929 4007 1027 4065 ratus,
1064 3993 1141 4070 Vibii

682 4117 756 4184 ms
