2830 4716
453 269 565 354 ‘nu
623 289 836 354 tonnus
1082 299 1157 383 23¹

165 453 292 517 Hecatae
312 444 490 527 consecratus.
528 451 691 534 Gargaphie·
709 470 778 514 vero
805 450 912 538 legatur
933 449 1011 530 apud
1033 455 1157 535 poetam.

167 551 303 616 Ceterum
316 537 447 612 laudatus
464 549 552 611 modo
568 549 698 628 Hyginus
714 548 837 624 vallem,
858 551 904 612 cui
914 570 1021 612 nomen
1037 551 1076 611 est
1092 551 1162 614 Gar·
1251 633 1253 636 Ι

169 649 294 729 gaplria,
314 652 343 712 ἃ
366 649 496 724 fontem,
520 649 567 711 cui
590 668 698 711 nomen
720 649 759 710 est
780 648 967 726 Parthenius,
1004 651 1161 728 praedicat.

169 763 306 812 nussum
342 775 345 794 ι

210 846 359 910 Actaeonis
376 865 479 908 necem
496 845 527 908 in
543 843 715 925 sarcophago
734 845 864 910 Hetrusci
890 848 984 926 operis
1005 845 1160 924 exprellam

167 945 328 1008 datGorius
337 946 367 1006 in
380 944 483 1008 illuseo
501 945 629 1010 Etrusco.
652 946 697 1006 De
705 947 823 1007 nomine
836 946 923 1020 fontis
939 945 1010 1007 illud
1024 945 1159 1032 adjungo,

165 1045 336 1108 Boccacium
352 1063 466 1122 quoque
486 1044 571 1106 nostri
592 1045 695 1106 vitium
710 1043 804 1106 fecille
823 1043 924 1120 suum3
949 1042 1036 1106 hebet
1049 1047 1077 1106 ἃ
1091 1041 1158 1106 ille:

169 1142 265 1226 Garga
287 1139 354 1221 form
376 1143 410 1224 est
430 1143 555 1202 Euboeae
571 1146 625 1208 διο.
670 1143 709 1206 Ο.

527 1307 790 1422 Hippocrene

207 1491 309 1568 Nescio
328 1504 439 1584 plane,
479 1504 549 1582 quid
573 1504 623 1566 srbi
651 1503 741 1568 velint
770 1505 818 1569 hio
842 1504 952 1566 Aetate
980 1508 1008 1569 ὁὶ
1034 1507 1158 1568 Arcadia

167 1606 297 1684 regiones
307 1603 503 1679 Peloponnen.
528 1619 665 1666 flesset.
752 1625 779 1668 v.
798 1625 871 1682 quae
887 1603 968 1684 supra
982 1617 1078 1668 notata
1093 1607 1158 1670 sunt

164 1704 202 1766 ad
221 1702 390 1786 Agamppen.
424 1703 497 1764 Heio
517 1702 601 1764 nobis
616 1703 715 1766 Strabo
731 1702 880 1766 suffecerit.
911 1704 939 1766 ls
967 1704 998 1768 t.
1015 1704 1095 1772 Vlll.
1125 1725 1156 1784 p.

167 1819 236 1881 379.
259 1801 408 1879 postquam
427 1799 559 1863 Corinthi
581 1801 663 1865 litum
684 1802 845 1882 descripfit,
873 1793 1001 1882 itemque
1027 1817 1158 1868 montem

163 1901 422 1975 Acrocorinthum,
446 1901 611 1962 &Pirenen
635 1901 768 1976 fontem,
799 1897 837 1964 ad
860 1921 946 1980 quem
979 1901 1111 1981 Pegasum
1140 1923 1157 1964 a

163 1997 385 2076 Bellerophonte
401 2018 489 2076 quum
504 1998 544 2060 ibi
561 1999 669 2061 biberet
684 2015 800 2078 captum
815 2000 919 2075 refert,
941 1984 1070 2078 suhjicit,
1088 2020 1158 2063 eun.

162 2099 231 2162 dem
245 2097 415 2176 Pegasum&
432 2099 637 2177 Hippocrenen
655 2101 686 2160 in
701 2099 843 2162 Helicone
865 2097 1000 2176 elicuiffe.
1017 2101 1061 2156 rb
1075 2097 1098 2156 l’
1110 2096 1157 2154 αὐ.

161 2195 202 2256 τίν
220 2215 283 2272 φασι
306 2203 329 2272 ιρ
356 2195 500 2258 vistlam
529 2192 608 2275 repient
630 2195 775 2258 ieaCeitAreu
794 2200 815 2254 ἐν
829 2185 866 2274 coi
883 2197 1010 2257 Ἔλικὸνι,
1031 2193 1157 2275 attigerit·

160 2281 199 2372 rui
220 2291 289 2366 ’ὄνυχι
318 2290 360 2356 enh
383 2293 555 2353 demetriam
576 2295 672 2374 alapae.
715 2297 753 2360 0.

595 2457 719 2544 lneffa

202 2655 323 2720 lneilam
362 2653 472 2718 Siciliae
510 2655 611 2718 urbem
641 2655 820 2719 celebrarunt
855 2655 987 2726 nonnulli
1013 2667 1154 2726 veterum

161 2757 293 2822 Straboni
313 2756 344 2819 L.
362 2755 411 2822 vl.
428 2774 491 2834 pag.
515 2763 583 2824 268·
604 2754 696 2816 ''teenaa
715 2771 834 2818 vocatur
852 2758 944 2818 Aetna
961 2772 1044 2816 mons
1057 2757 1085 2816 δι
1098 2755 1156 2816 for·

160 2853 209 2917 san
227 2855 366 2934 oppidum
384 2856 414 2916 in
433 2872 469 2915 eo
484 2854 628 2917 uranum.
662 2854 808 2917 Dicuntur
826 2855 904 2916 enim
930 2854 1046 2917 Aetnaei
1069 2853 1156 2923 lones

158 2953 219 3017 sam
241 2952 418 3016 domicilium
440 2953 490 3014 srbi
506 2951 654 3031 occupaffe
670 2953 792 3034 locoque
808 2973 917 3016 nornen
931 2956 1040 3036 Aetnae
1061 2953 1156 3031 impu·
1183 3019 1185 3024 ,

159 3051 251 3124 suilie.
273 3053 417 3114 Diodorus
434 3049 672 3114 Siculus'uueee'ae
690 3067 836 3133 nuncupat
850 3055 882 3118 L.
894 3052 949 3116 XI.
965 3071 992 3130 p.
1010 3067 1055 3130 57.
1066 3051 1102 3118 Τ.
1113 3041 1152 3115 ll.

158 3152 332 3228 Boccacius,
358 3151 408 3214 ubi
432 3150 552 3213 lnellam
570 3150 681 3214 Siciliae
695 3153 806 3213 fontem
825 3152 967 3238 appellat,
983 3169 1091 3212 errores
1105 3149 1155 3211 Vi-

160 3249 201 3312 bii
223 3250 328 3313 auxiffe
349 3252 471 3316 videtur.
512 3249 547 3312 ln
570 3249 676 3311 Rhodo
697 3249 785 3313 insula
807 3249 926 3313 lnellam
954 3261 1064 3326 praeter
1088 3248 1155 3310 istoc

100 3371 102 3374 ·
158 3348 349 3425 duumviros,
373 3362 511 3428 quantum
531 3350 617 3424 novi,
644 3367 731 3412 nemo
753 3363 967 3414 commemoret.
1014 3348 1051 3410 Ο.

433 3615 438 3622 ἱ
550 3513 763 3598 Libethros

196 3708 352 3788 Boeotiae)
375 3709 510 3774 Simlerus
530 3712 695 3795 Magnefiae.
714 3712 828 3774 Servius
846 3711 882 3774 ad
892 3709 1001 3789 Virgilii
1017 3707 1075 3772 Ecl.
1086 3707 1152 3776 VII.

155 3827 185 3873 v.
206 3827 255 3872 21.
281 3809 421 3870 Libethros
436 3805 503 3888 fons
519 3811 571 3893 est,
595 3812 641 3870 ubi
662 3809 786 3871 coluntur
800 3805 912 3884 Maestae.
936 3813 964 3870 A
975 3806 1054 3889 fimte
1069 3808 1154 3872 Boeoe
1194 3889 1196 3892 Ι

150 3903 212 3964 'riae
234 3906 360 3967 Libethra
393 3911 447 3971 &o
486 3909 602 3971 videndi
636 3913 664 3973 ἃ
693 3911 779 3972 ceteri
802 3911 978 3988 interpretes.
1013 3923 1150 3976 trusseth.

696 4059 762 4134 Pe
