2830 4716
274 325 353 432 ¹5⁶
493 337 674 402 uorsa
732 335 1049 400 viltronum

267 497 397 573 lltianurn
414 508 527 576 uretur,
544 495 756 571 confirmasset3
776 507 806 558 at
820 493 871 558 ille
884 495 922 556 de
935 467 1017 559 Oare
1032 495 1122 560 fluvio
1139 495 1209 562 allos
1228 502 1269 562 vi.

268 599 337 666 dere
356 598 453 674 jubet,
490 595 575 672 isse,
604 595 691 658 srvel
712 613 815 657 omnes
844 596 1000 673 geographi
1024 613 1091 657 eum
1121 597 1152 658 in
1182 599 1267 660 Creta

267 695 349 762 fuisse
383 694 539 770 dixissent,
572 707 669 766 tantm
701 707 869 772 negaturum
901 695 989 768 dicit,
1027 694 1136 773 Virgilii
1161 694 1271 758 sentem

266 797 323 862 tiae
340 813 519 874 congruere,
548 809 581 856 ut
608 793 656 856 hic
684 793 766 854 locus
792 794 828 854 de
850 793 934 854 Creta
974 790 1065 854 insula
1097 795 1269 872 accipiatur,

268 895 347 974 quod
369 895 465 971 inopia
483 893 707 955 testimoniorum
720 910 757 952 ex
778 892 945 968 antiquitate
970 875 1012 952 de
1027 891 1110 953 Oaxe
1136 890 1269 970 Scythiae

267 994 336 1060 fluv.
358 993 419 1064 fieri
443 992 537 1072 palam
559 992 609 1058 est.
668 991 816 1053 Salmasius
845 989 963 1068 quidem
989 990 1020 1049 in
1046 989 1169 1052 Exercit.
1197 988 1268 1054 Plin.

186 1121 201 1142 s
267 1111 332 1170 pag.
349 1099 419 1162 692.
443 1093 557 1153 Oauem
574 1090 643 1153 fluv.
661 1082 889 1152 Cretae‘nullum
904 1087 958 1150 else
972 1087 1068 1156 scribit
1085 1133 1094 1164 ,
1118 1088 1270 1151 &Oaxcm

265 1189 377 1269 Virgilii
399 1189 496 1252 Oxum
522 1191 631 1266 (quern
654 1187 787 1266 Scythiae
810 1188 882 1253 fluv.
908 1186 963 1248 elle
992 1206 1029 1250 ex
1054 1188 1133 1251 Mela
1154 1189 1206 1256 111.
1240 1211 1270 1264 ς.

268 1289 396 1358 constare
412 1288 523 1366 potest)
547 1286 621 1362 elle,
656 1288 779 1366 antiquis
811 1286 870 1348 sme
905 1286 1068 1350 discrimine
1098 1290 1213 1354 Oarum
1243 1291 1271 1350 δε

269 1391 368 1454 Oxum
389 1388 502 1460 vecari,
522 1387 708 1466 pronunciat,
739 1390 767 1448 ἀ
789 1386 847 1446 fine
876 1385 933 1448 ulla
958 1388 1106 1450 mentione
1135 1389 1209 1450 Vibii
1241 1391 1270 1450 (ie

267 1488 402 1550 Varronis
418 1499 534 1564 poetam
549 1505 609 1546 non
629 1485 680 1548 uisu
699 1483 818 1547 ridicule
839 1485 976 1562 decreta
1000 1488 1105 1565 exponi
1127 1486 1204 1566 polle
1226 1487 1272 1550 dt,
1393 1549 1394 1570 ἶ

266 1588 326 1650 cit.
346 1587 493 1662 Serviique
514 1583 635 1648 dealba
656 1583 725 1644 limo
748 1583 958 1662 expositionem
975 1586 1087 1662 probat.
1130 1586 1184 1646 Sed
1197 1583 1270 1643 milri
1393 1581 1394 1618 l

267 1705 313 1748 res
335 1685 509 1759 intricatior,
532 1701 619 1761 quam
642 1701 714 1761 quae
737 1681 823 1760 plane
844 1683 973 1760 expediri
1007 1697 1110 1762 queat,
1138 1686 1163 1744 ἃ
1195 1680 1270 1756 eius·

265 1783 351 1848 modi
362 1801 453 1862 prope
466 1779 521 1846 elle
539 1781 670 1856 videtur,
691 1795 724 1844 ut
739 1773 851 1858 facilius
870 1797 989 1860 utraque
1005 1782 1143 1858 sententia
1161 1779 1265 1856 reselli‚

268 1901 354 1962 quarn
372 1881 506 1946 alterutra
520 1899 618 1950 earum
641 1876 809 1956 ι’νιντιρῥιίτνς
827 1880 941 1943 stabiliri
964 1881 1059 1960 pollrt.
1116 1883 1192 1944 Nam
1213 1899 1269 1942 nec

267 1982 333 2046 satis
350 1980 449 2044 causae
468 1980 525 2052 est,
558 2000 609 2044 cur
627 1977 674 2040 rel
692 1977 769 2040 Vibii
795 1978 884 2042 fidem
914 1981 944 2041 in
971 1980 1116 2044 laudando
1141 1982 1267 2043 Varrone
1394 1999 1395 2008 ¹

267 2079 423 2158 suspettam
445 2077 567 2151 habere,
601 2077 649 2140 vel
674 2077 801 2140 eundem
824 2079 1012 2158 negligentiae
1044 2079 1182 2154 errorisve
1206 2079 1270 2141 insr·

268 2177 382 2252 mularc,
395 2175 570 2250 debeamus3
594 2176 643 2240 etsr
654 2176 712 2239 hoc
730 2175 917 2255 suspicionem
931 2177 1054 2254 aliquam
1069 2181 1171 2240 erroris
1187 2199 1268 2256 prae

269 2277 338 2348 bere
359 2276 476 2354 potest,
512 2276 589 2353 quod
611 2276 747 2350 Seruius,
781 2295 847 2338 cum
878 2277 990 2338 Oaxem
1019 2277 1159 2355 oppidum
1185 2277 1269 2354 fuisse

269 2377 370 2440 Cretae
387 2374 520 2437 Varronis
540 2375 707 2440 auctoritate
723 2375 843 2448 doceat,
868 2374 904 2436 de
925 2375 1014 2436 fluvio
1040 2374 1080 2436 nil
1102 2390 1266 2450 memorat,

164 2479 167 2484 “
270 2475 350 2556 quod
371 2489 468 2536 tamen
491 2471 571 2536 lucus
594 2472 653 2552 ipse
670 2473 849 2551 requirebat„
871 2475 1031 2537 &omuino
1050 2475 1175 2536 facturus
1185 2473 1269 2537 fuisse

267 2576 400 2646 videtur,
423 2573 442 2633 sr
465 2591 532 2636 eum
554 2571 631 2652 apud
652 2573 811 2634 Varronem
826 2572 985 2636 invenisset.
1017 2572 1267 2636 Rursusomnium

267 2673 388 2736 aliorum
407 2671 633 2750 geographorum
647 2673 683 2733 de
697 2673 779 2733 Oaxe
793 2672 894 2738 Cretae
914 2671 1054 2734 silentium
1074 2691 1134 2734 non
1154 2674 1265 2744 minimi

266 2773 401 2854 ponderis
420 2786 619 2850 argumentum
640 2771 679 2836 est
699 2790 751 2848 pro
773 2772 828 2846 iis,
855 2774 990 2850 qui'eum
1006 2773 1125 2846 flurium
1144 2774 1173 2832 in
1182 2773 1265 2834 Creta

266 2871 349 2936 soille
364 2883 477 2949 negant.
523 2870 557 2932 In
574 2869 697 2942 Salmasri
719 2887 817 2932 autem
838 2859 995 2946 sententia,
1022 2873 1043 2933 li
1074 2873 1119 2934 vel
1140 2874 1265 2947 maxime

222 2985 226 2996 ·
267 2971 390 3043 demus,
407 2968 532 3030 eundem
547 2968 601 3030 elle
612 2969 710 3031 Oxum
731 2970 885 3034 &Oaxum
907 2973 1010 3049 (quod
1025 2985 1120 3034 tamen
1131 2972 1266 3050 liquidius

268 3067 491 3128 demonstratum
513 3069 660 3142 oportuit,
685 3086 739 3130 nec
753 3067 887 3134 Salmasto
906 3070 1068 3148 srmpliciter
1089 3075 1116 3134 tls
1136 3070 1194 3144 sque
1209 3070 1267 3132 ulla

267 3165 328 3230 fere
346 3165 513 3236 auctoritate
532 3165 570 3226 ita
588 3167 785 3243 pronuntianti
807 3169 885 3240 credi
905 3171 1018 3248 potest)
1042 3183 1139 3234 tamen
1157 3170 1211 3232 hic«
1224 3171 1269 3232 su·

267 3262 360 3342 petest
374 3261 522 3339 scrupulus
535 3308 544 3336 ,
559 3283 610 3328 cur
627 3269 713 3342 pocta
727 3313 734 3346 Ι.
741 3266 964 3333 declinationem
982 3290 1016 3332 ac
1036 3272 1267 3333 terminationem

266 3361 343 3428 illius
357 3362 481 3423 nominis
507 3364 678 3438 mutaverit,
703 3367 731 3427 ἂ
758 3366 872 3432 Oaxcm
896 3369 991 3446 potius
1021 3390 1107 3448 quam
1134 3372 1265 3446 Oaxum,

267 3462 347 3542 quod
366 3460 440 3526 salva
455 3459 519 3543 lege
538 3464 620 3536 metri
630 3477 771 3542 poterat,
794 3466 908 3530 dixerit.
953 3467 1011 3530 Sed
1041 3469 1100 3531 hoc
1131 3469 1269 3548 quicquid

267 3562 323 3638 est,
340 3561 370 3622 in
391 3577 426 3620 eo
450 3563 571 3624 omnino
582 3562 729 3629 adsentior
753 3561 868 3626 Florido
885 3565 993 3628 Sabino
1013 3570 1041 3630 δι
1060 3568 1210 3641 Salmasro,
1235 3582 1268 3632 ut

265 3657 563 3737 putem,sententiam
583 3681 617 3736 ac
633 3673 766 3736 tuentem
787 3669 890 3740 poitae
904 3683 1081 3744 repugnare,
1099 3669 1270 3746 quominus

266 3756 314 3818 hic
331 3757 412 3822 locus
434 3758 471 3820 de
493 3759 577 3825 Creta
596 3759 685 3823 insula
706 3761 905 3840 intelligatur,
938 3766 1089 3845 proboque
1115 3767 1269 3846 expolitio·

266 3855 451 3930 pemServii,
475 3877 577 3921 vocem
599 3877 685 3924 cretae
707 3879 760 3936 pro
783 3864 902 3924 nomine
918 3867 1067 3928 communi
1082 3869 1267 3946 accipientis,

266 3953 294 4012 ἃ
314 3952 436 4033 rapidus
456 3967 544 4024 cretae
568 3957 799 4036 interpretantis,
815 3961 966 4026 uelocitate
981 3963 1029 4028 sua
1049 3967 1209 4044 rapientem
1228 3965 1268 4028 al-
