2798 4710
435 275 438 287 '
549 261 603 378 ξ
654 291 682 350 o
737 262 786 378 ᾤ
834 305 837 310 ·
1114 291 1170 366 111

187 504 191 516 ι
223 462 372 552 Reliqua
391 457 455 532 ista
484 457 609 532 lubens
636 463 851 558 ignorarem,
878 428 983 536 raddo
1018 479 1166 542 aetatem
1292 463 1295 469 ’

175 574 277 670 figere
302 576 425 646 liceret
447 575 655 652 adcuratius.
707 575 843 648 Verum
874 579 906 650 u
932 576 991 650 hic
1014 587 1166 656 coecati..

178 713 261 767 mus.
284 686 380 760 Audi
394 683 584 759 Helselium
599 690 638 760 in
660 685 891 781 praefatione:
944 747 966 782 „
984 695 1065 782 Qua
1080 721 1166 768 vero

183 856 204 892 „
227 785 423 894 tempestate
443 803 482 872 in
498 803 570 872 vita
590 798 698 873 fuerit
711 802 841 876 Vibius
859 805 1057 897 sequester,
1073 807 1169 882 haud

180 969 199 1004 ,‚
222 913 302 987 seiri
318 913 440 1008 potest.
495 915 658 988 Lucanus
677 919 818 1008 quidem
833 920 924 1011 apud
948 943 1028 991 eum
1051 945 1171 994 recen-

176 1025 373 1100 utillimus
407 1053 452 1100 ex
481 1025 611 1121 septem
636 1030 837 1103 auetoribus
865 1032 1010 1106 laudatis
1040 1035 1088 1116 est
1102 1064 1113 1118 3
1136 1040 1171 1109 dc

176 1201 199 1237 ‚‚
224 1142 267 1212 ab
288 1167 329 1213 eo
349 1164 430 1235 prae
448 1144 571 1214 ceteris
589 1147 720 1236 poetis,
745 1147 807 1236 qui
826 1144 977 1234 exstant,
994 1149 1012 1244 (
1028 1173 1107 1220 nam
1126 1151 1170 1223 de

179 1316 201 1351 „
226 1253 372 1339 amiffis,
412 1259 475 1350 qui
519 1253 590 1328 line
622 1256 855 1330 controverfia
888 1259 1110 1335 multifariam
1137 1265 1171 1336 ei

178 1425 199 1460 „
226 1395 351 1470 magno
373 1368 454 1444 usui
472 1368 637 1457 fuerunt,
666 1371 754 1444 mihi
791 1373 871 1446 licet
905 1370 1007 1448 fateri
1037 1373 1170 1450 nescire

179 1538 201 1574 „
227 1484 321 1579 quod
338 1483 510 1580 nesciam)
528 1483 705 1558 adhibitus
719 1489 759 1558 in
777 1485 962 1559 fluminum
976 1539 986 1570 ,
1002 1485 1169 1580 sontium,

178 1623 199 1686 ς,
225 1601 381 1684 lacuum,
408 1622 616 1684 nemorum,
642 1599 830 1694 paludum,
850 1596 1045 1686 mentium,
1086 1629 1169 1698 gen.

180 1765 202 1800 ‚,
228 1715 315 1785 tium
333 1714 536 1786 colleuione
557 1711 705 1808 dispersa
730 1711 822 1788 fultr
857 1731 892 1788 at
910 1717 966 1797 is,
998 1713 1172 1808 nifiquid

185 1879 207 1930 „
231 1851 283 1897 me
299 1825 489 1920 fefellerit,
515 1829 649 1920 aliquot
676 1824 818 1900 saeculis
848 1827 923 1920 post
947 1830 1059 1901 civilis
1088 1829 1172 1900 belli

185 1995 206 2028 ‚,
232 1938 429 2035 scriptorem
452 1941 544 2025 hoc,
574 1943 821 2036 quodcumque
846 1937 1045 2023 habemus,
1074 1944 1171 2035 gnati

181 2115 202 2149 „
228 2053 334 2128 caussa
361 2058 483 2130 retulit
503 2059 542 2128 in
561 2057 728 2129 libellum.
748 2062 751 2072 “
780 2055 944 2148 Loquor,
964 2072 1005 2127 ut
1025 2056 1174 2147 opin0r=

180 2221 201 2256 „
229 2164 372 2260 speciem
396 2172 490 2241 enim
505 2168 809 2262 aliquamvideor
834 2168 885 2240 ibi
906 2165 1025 2242 vidiffe
1050 2194 1174 2262 parum

181 2334 202 2369 „
228 2285 374 2354 recentis
397 2307 416 2354 a
440 2281 624 2357 Caesarum
648 2301 758 2356 aetate
782 2281 1030 2378 geographiam
1058 2286 1174 2380 caligi-

178 2387 201 2483 ‚',
227 2419 376 2488 nemque
394 2416 591 2490 temporum
619 2399 780 2488 illorum,
818 2395 948 2491 quibus
980 2397 1175 2470 litterarum

183 2501 204 2600 j,
229 2510 346 2582 lumen
364 2509 616 2606 propemodum
645 2507 833 2600 defecerat,
859 2513 891 2608 da
912 2508 1006 2606 quasi
1024 2513 1176 2603 quodam

181 2674 205 2710 ,,
235 2623 335 2692 modo
363 2627 537 2716 piaculum
562 2622 675 2698 suisset
698 2627 820 2698 Latine
852 2626 1048 2698 luculenter
1074 2621 1174 2698 scire.

179 2787 202 2822 ,‚
232 2734 340 2822 Quod
368 2732 470 2830 fiquis
495 2741 574 2811 vult
599 2757 719 2811 contra
754 2764 809 2809 me
842 2737 1073 2827 contendere,
1108 2734 1173 2808 Vi·

179 2845 328 2938 „bium
358 2847 455 2922 fuisse
487 2869 609 2923 natum
651 2851 854 2922 melioribus
895 2851 1025 2930 annis3
1072 2849 1173 2926 &ad

180 3015 201 3049 „
229 2967 329 3063 sedulo
353 2964 514 3054 importuni
538 2965 621 3038 uad
651 2965 788 3060 ςοιχιῗον,
824 2982 885 3036 aut
907 2962 1040 3060 aliquid
1058 2963 1095 3036 id
1116 2990 1177 3060 ge·

178 3131 200 3166 ‚,
228 3101 294 3150 nus
315 3081 584 3164 collectaneum,
611 3081 800 3152 multarum
827 3102 945 3150 rerum
970 3075 1175 3152 acceffiones

180 3246 201 3280 „
228 3188 324 3264 fuisse
341 3189 445 3265 foetas
459 3193 676 3288 plurifariam
690 3218 750 3286 per
767 3191 928 3264 homines
944 3187 1173 3267 semidoilose

179 3363 201 3398 „
224 3329 288 3378 nae
310 3307 369 3378 ille
399 3309 516 3380 minus
535 3331 648 3380 acrem
666 3311 788 3379 nactus
808 3301 1043 3378 adversarium
1062 3308 1173 3396 erit„
1189 3379 1191 3381 ,

227 3501 325 3574 Haec
345 3504 465 3574 omnia
481 3521 523 3576 ut
543 3468 668 3577 laberis
690 3505 900 3598 ampleflor,
918 3507 969 3576 ita
984 3520 1100 3576 tamen
1116 3523 1177 3570 ne-

182 3639 299 3708 queo,
323 3618 412 3708 quin
427 3619 467 3689 in
491 3621 644 3711 priorem
661 3615 867 3692 sententiam
884 3617 946 3691 lim
969 3617 1082 3690 multo
1098 3617 1179 3707 p'ro-

182 3725 347 3820 penlior,
371 3732 596 3826 credamque,
626 3732 701 3826 post
718 3731 877 3826 eversum
896 3735 1086 3824 Imperium
1109 3730 1182 3801 011-1

186 3844 333 3914 ridentis
355 3843 554 3920 Romanum
579 3844 698 3920 vixisse
718 3846 958 3940 Sequestrem,
979 3847 1103 3938 quinto
1125 3839 1183 3912 vel

728 3947 814 4038 )(4
