2798 4710
277 287 331 386 '48
496 304 677 368 Norae
735 308 1050 371 vhuromum

279 462 432 529 carmlx.
447 484 474 528 v.
492 475 540 539 98.
559 461 717 526 Simonides
736 481 781 540 ep.
795 463 893 534 Graec.
913 466 945 533 I..
965 467 1014 530 IV.
1033 490 1154 551 cap.29.
1172 492 1217 554 ep,
1235 495 1263 540 2,
1389 447 1390 522 l

278 575 417 627 nessei.
480 561 634 622 Veritatem
655 560 696 620 rei
711 560 825 625 secutus
849 564 888 624 est
908 565 1052 630 Vibius&
1074 569 1215 634 hocloco
1236 576 1265 635 ἃ

276 665 411 743 incapite
423 661 458 722 de
470 657 605 720 fontibus.
656 656 763 721 Ferunt
778 662 854 722 enim
868 660 914 724 alii
936 664 1102 728 Arethusam
1117 669 1266 748 ¹lilpheum

273 762 433 840 fugientem
444 775 479 816 ex
497 755 578 818 Elide
593 756 629 818 ad
648 757 771 821 Siciliam
789 760 891 835 fluere,
908 763 986 839 quod
1000 768 1118 828 tractum
1135 788 1171 830 err
1188 769 1267 832 fabu-

276 859 313 932 la.
336 856 417 935 Apud
431 854 569 920 Ovidium
581 855 701 924 Metam.
723 857 757 920 V.
777 859 847 921 veri
865 879 936 940 493.
959 861 1083 940 loquitur
1104 865 1140 928 de
1161 866 1190 928 se
1209 867 1267 948 ipsa

274 952 420 1022 Arethusa.
1213 1033 1216 1040 Ι

272 1107 278 1116 ,
358 1055 418 1114 Nec
432 1047 493 1128 sum
510 1073 562 1136 pro
583 1053 679 1136 patria
695 1049 828 1138 supplex:
851 1054 1020 1140 hucluspr'ta
1033 1060 1102 1124 veni.

357 1146 426 1226 Pisa
437 1152 501 1210 mihi
511 1153 605 1234 patria
618 1155 668 1235 est:
689 1154 716 1214 δ’
734 1155 769 1214 ab
785 1153 865 1216 Elide
877 1156 998 1216 durham
1014 1176 1119 1220 ertum:

357 1251 495 1313 Sicaniam
509 1252 649 1334 peregrina
673 1251 732 1311 eolo
748 1255 801 1320 (ec.

274 1347 406 1430 Virgilius
430 1349 466 1410 ad
487 1349 608 1410 eandem
631 1347 691 1416 Ecl.
708 1350 748 1412 X.

356 1450 404 1509 Sic
419 1448 486 1523 ribi,
508 1469 567 1508 cum
579 1449 679 1526 flutlus
695 1445 875 1524 subterlabere
889 1452 1023 1530 Sicanos,

357 1548 444 1610 Doris
470 1569 564 1609 amara
580 1543 660 1623 fitam
682 1570 733 1608 non
752 1543 928 1625 barenniseear
942 1535 1050 1614 undem.
1095 1603 1098 1608 .

275 1648 360 1716 &ibi
373 1647 494 1711 Servius.
531 1645 614 1706 Varia
630 1647 697 1706 eru'm
717 1634 879 1728 opmio'eji:
909 1671 971 1708 nam
996 1650 1047 1733 alii
1074 1650 1183 1726 dicum,
1224 1655 1266 1729 qd

268 1741 434 1821 Arethusam
463 1745 619 1826 Nympltam
641 1743 755 1803 Siciliae
775 1743 909 1827 Alpheum
939 1749 971 1806 de
995 1747 1078 1807 Elide
1104 1751 1190 1810 uenire
1213 1773 1263 1832 per

268 1847 360 1910 'maria
367 1889 379 1919 ‚
396 1843 541 1918 seeundum
556 1863 622 1924 quos
637 1841 704 1902 alibi
719 1843 812 1913 dixit,
841 1844 976 1927 Alpheum
993 1839 1119 1926 famaejl
1138 1849 1188 1928 lure
1202 1848 1264 1908 Eli-

267 1949 319 2010 ὢ
330 1965 431 2006 amnem
447 1941 569 2003 occultas
587 1936 666 2017 exlffe
680 1942 742 2002 vias
755 1936 941 2017 subtermeare.
974 1943 1036 2004 Alii
1051 1947 1145 2028 dicum
1153 1989 1165 2015 ,
1178 1941 1263 2027 ipsam

271 2039 452 2118 Arethusam,
465 2038 526 2118 jam
545 2041 572 2098 in
583 2035 693 2117 firmem.
716 2057 864 2120 mutatam,
895 2041 1028 2120 Alpheum
1046 2038 1161 2122 fugere,
1185 2043 1264 2114 &dp

270 2141 354 2201 Elide
374 2141 413 2196 ad
429 2135 551 2197 Siciliam
567 2137 677 2204 venitm
701 2137 774 2213 quod
791 2157 860 2193 mene
890 2139 924 2216 est
943 2133 1064 2208 securus.
1109 2154 1258 2203 cLAiin.

270 2235 394 2317 Alpheus
415 2233 560 2309 Sophiano
580 2226 706 2311 Rophea‚
740 2230 879 2308 indigenis
904 2234 1037 2313 Orphea,
1076 2238 1168 2297 nautis
1185 2237 1262 2299 Italis

271 2337 376 2396 carbon
403 2329 490 2394 hbdie
514 2329 626 2392 dicitur.
651 2349 678 2389 v.
706 2327 825 2389 Brietius
856 2329 892 2395 T.
911 2330 947 2392 ll.
971 2350 999 2408 p.
1029 2351 1085 2408 431
1126 2337 1152 2395 ἃ
1188 2353 1258 2412 479.

269 2431 363 2512 Alaba
385 2447 499 2508 quoque
531 2425 711 2490 salutatur&
738 2427 768 2486 in
788 2427 891 2490 tabulis
921 2431 1125 2514 recentioribus
1159 2433 1261 2512 legitur

261 2518 393 2592 'Darium
407 2549 435 2590 v.
448 2526 583 2592 Ortelius.
621 2527 745 2605 Antiquo
769 2547 841 2589 aevu
858 2528 957 2590 itidem
978 2528 1058 2607 plura
1080 2533 1196 2593 nomina
1214 2531 1262 2601 ha·

267 2631 348 2704 buit,
374 2628 393 2690 fi
418 2626 567 2690 Plutarcho
592 2624 673 2692 fides,
717 2625 745 2688 ls
767 2629 862 2718 emim,
881 2629 902 2689 fi
919 2630 1034 2708 quidem
1048 2635 1144 2692 audior
1167 2632 1206 2691 est
1228 2631 1262 2691 li⁴

263 2715 338 2795 'belii
353 2730 390 2790 de
404 2726 584 2803 fluminibus,
608 2725 677 2788 olim
686 2727 867 2808 Stymphelum
886 2729 1011 2810 itemque
1030 2729 1182 2809 Nyriimum
1194 2725 1258 2787 fuis-

267 2831 297 2893 se
336 2829 511 2910 appellatum
541 2826 654 2891 testatur
693 2826 846 2904 Alpheum.
890 2826 926 2887 O.

662 2974 852 3055 Ascanius
1096 2993 1117 3050 e
1205 3019 1209 3030 .

308 3149 433 3214 Celebris
462 3149 510 3212 hic
532 3149 622 3210 amnis
639 3156 756 3232 propter
775 3157 887 3226 raptum
910 3147 947 3210 ad
970 3145 1092 3226 ipsuma
1114 3149 1259 3230 Nymphis

262 3251 394 3331 Hylam:
429 3249 466 3308 de
484 3267 542 3325 quo
559 3260 642 3324 raptu
672 3245 761 3309 multa
790 3259 899 3310 canunt
922 3252 1033 3326 poetae.
1100 3250 1173 3311 Vide
1192 3253 1257 3312 Pro·

264 3351 390 3434 pertium
406 3343 475 3410 libr.
500 3346 523 3409 1.
546 3345 624 3426 Eleg.
657 3345 729 3412 XX.
758 3349 785 3408 be
812 3347 935 3408 adeam
961 3345 1060 3425 paffim
1082 3347 1259 3411 Paileratium

260 3458 295 3520 ἀ
314 3447 473 3515 Broukhus.
496 3443 588 3507 Valet.
612 3443 747 3508 Flaccum
778 3444 841 3508 libr.
860 3444 913 3510 111.
934 3445 1003 3507 vers.
1035 3467 1101 3521 555.
1135 3445 1254 3524 &.seq.

259 3565 352 3631 atque
379 3545 440 3608 libr.
463 3544 513 3608 lv.
533 3545 563 3606 in
583 3544 733 3622 principio.
769 3543 946 3609 Munkerum
964 3544 999 3606 ad
1015 3543 1122 3622 Hygini
1137 3543 1254 3618 famu.

258 3649 340 3714 iliud
351 3665 419 3709 vero
437 3642 525 3706 verbo
547 3643 651 3706 addere
659 3642 762 3720 placet,
776 3643 853 3720 quod
863 3643 939 3721 apud
957 3643 1091 3705 Servium.
1102 3642 1257 3721 legitur'ad

264 3745 383 3809 Aeneid.
399 3742 422 3805 Ι.
442 3740 513 3811 vers.
532 3758 600 3816 271.
622 3741 805 3822 Sciendumest
820 3759 932 3813 aurem,
947 3742 1017 3802 hune
1032 3744 1143 3804 Aeneae
1164 3740 1255 3804 filium

258 3843 347 3926 primo
364 3835 512 3914 Ascaieium
530 3839 626 3896 dillum
646 3860 665 3896 a
686 3838 825 3919 Phrygiae
850 3839 962 3914 flumine
985 3831 1124 3913 Ascanio:
1164 3855 1195 3898 ur
1221 3839 1256 3918 est

237 3999 238 4006 ,
262 3983 287 4020 ‚‚
305 3932 435 4018 Troasque
442 3931 580 4012 firmantem
594 3929 772 4014 Ascarer'um„
794 3936 885 4002 deinde
896 3936 968 4000 llum
984 3937 1079 3999 litium
1095 3935 1255 4017 ampelio,

1162 4047 1255 4140 mea

979 4255 991 4292 l
