2830 4716
198 266 204 308 i

413 337 488 396 tn
548 333 807 395 rrumrut
1014 341 1125 425 χιη

123 496 245 575 'Avario
275 495 306 556 in
325 454 637 566 Auientem'mutaiim
663 481 771 568 judicat
797 491 987 560 Casaubonus.
1006 517 1008 520 ·
1025 491 1131 562 Cluve-¹

5 609 7 640 ;
132 599 190 661 rius
211 605 311 658 contra
334 612 483 672 perperam
505 593 581 654 viros
610 592 711 652 dot'tos
738 590 814 668 apud
837 590 1004 651 Strabonem
1036 590 1132 668 legen.

122 697 204 758 .dum
219 690 325 756 suafiiie
345 691 441 753 censet
453 689 567 763 ”orosae
593 689 660 752 Non
677 690 754 749 enim
773 703 879 750 temere
897 690 1061 750 mutandam
1075 689 1131 750 effe
1235 758 1239 764 ,

132 790 287 866 vocalem3
313 791 436 867 utique,
460 808 548 868 quum
562 788 708 864 hodieque
729 801 847 848 vocetur
868 767 1131 866 amnisL'aiusenre,

49 894 52 898 ’
134 887 382 968 &antiquiisrmis
407 887 463 948 iliis
487 887 664 964 temporibus
678 886 765 948 fuerit
782 881 893 966 Orfitus.
927 885 990 948 Alio
1013 886 1132 947 nornine

71 1017 78 1027 ·
133 987 229 1050 hodie
245 1005 360 1066 quoque
381 985 403 1045 r'l
415 1002 553 1067 portatore
582 1000 771 1064 nuncupatur·
810 985 853 1046 De
877 983 959 1047 cursu
981 984 1061 1047 fluvii
1083 1002 1131 1046 au·

134 1073 412 1164 diendusVitgiiius
436 1085 507 1146 Aen.
533 1084 595 1152 Vll.
617 1107 645 1148 v.
669 1095 742 1154 802:

687 1181 845 1266 gelidusqtre
864 1203 914 1263 per
938 1181 1007 1240 imas

261 1281 376 1360 Quaerit
391 1279 442 1339 iter
459 1281 568 1353 valles,
592 1299 673 1362 arque
692 1283 720 1340 in
738 1302 809 1341 mare
825 1282 949 1340 cortdirur
959 1277 1063 1361 sUserrs.
1126 1363 1134 1380 .

132 1378 260 1458 itemque
275 1380 357 1443 Silius
379 1379 494 1443 Italicus
516 1383 547 1445 L.
569 1380 647 1446 Vlii.
667 1401 695 1443 v.
724 1391 831 1524 m&

469 1477 471 1486 '
857 1481 918 1523 atro

258 1561 384 1622 liventes
415 1582 494 1621 coeno
510 1582 562 1642 per
578 1555 709 1642 squalida
727 1561 851 1622 turbidus
878 1585 948 1622 arva

257 1661 336 1743 Cogit
364 1679 449 1740 aquas
479 1654 581 1738 Ufirrs,
613 1677 694 1741 atque
724 1659 811 1736 inficit
823 1675 951 1742 {aequora
974 1660 1047 1723 iimo.

134 1786 245 1849 Praeter
264 1783 343 1846 hunc
368 1774 503 1846 Ufentem
519 1784 646 1846 nostrum
670 1783 758 1846 aliurn
778 1803 892 1862 quoque
915 1781 1023 1847 Galliae
1045 1781 1131 1853 cisat-t

135 1886 220 1964 pinae
241 1881 339 1944 tribuit
359 1882 530 1958 Boccacius‚
551 1901 637 1962 quem
658 1884 731 1944 inter
750 1873 925 1946 &titheirm
939 1883 1066 1946 Senones
1081 1883 1130 1944 ha-

135 1982 273 2052 bitarint.=
304 1980 357 2042 lsta
388 1981 469 2042 Livio
495 1981 582 2044 debet
605 1982 674 2052 iste,
701 1982 778 2059 apud
800 1984 899 2060 quemi
915 1982 945 2046 L.
961 1982 995 2045 V.
1027 2003 1052 2044 c.
1082 2001 1130 2060 35.

134 2081 208 2144 haec
230 2079 341 2141 habes:
367 2080 430 2138 Tum
448 2081 580 2156 Senones,
605 2079 765 2158 recenriffrmr'
787 2082 968 2155 advenarum,
985 2081 1020 2138 ab
1035 2077 1131 2158 Usente
1161 2140 1164 2146 ,

131 2180 243 2260 flumine
263 2174 343 2260 usque
368 2180 408 2237 ad
430 2180 540 2260 Ariesur
553 2179 625 2258 fiaes
638 2181 763 2240 bebecre.
785 2178 889 2242 Verum
915 2181 979 2240 heic
996 2183 1067 2240 mira
1088 2179 1131 2237 in-

135 2295 179 2340 ter
197 2278 226 2338 se
248 2276 432 2340 consenfione
450 2295 560 2340 veteres
590 2279 655 2340 libri
671 2277 788 2340 ¹habent
820 2280 939 2354 Mente,
963 2278 1031 2340 teste
1053 2261 1154 2356 Sigo-u

135 2379 201 2452 nio,
224 2378 272 2455 qui
293 2375 393 2438 vitioso
416 2378 527 2458 Ariefin
548 2397 662 2456 quoque
687 2377 914 2456 substituendum
932 2394 966 2440 err
989 2375 1128 2439 Strabone

137 2476 223 2547 docet
244 2476 333 2557 Aefin.
375 2474 412 2538 O.

553 2641 692 2750 Natus
813 2733 814 2736 a

162 2853 166 2860 '
184 2838 325 2914 Galliam)
348 2858 377 2900 v.
398 2836 529 2902 Lucanus
551 2839 583 2904 L.
601 2839 624 2902 1.
641 2861 671 2908 v.
690 2861 758 2918 404.
791 2835 820 2906 St
846 2842 961 2906 Servius
993 2792 1131 2922 ad‘Virg.

136 2941 210 3005 Aen.
228 2938 259 3002 L.
271 2939 297 3001 l.
323 2959 351 3001 v.
375 2959 399 2999 r.
426 2941 481 3020 Isto
501 2956 612 3021 ternpore
621 2983 633 3010 ,
658 2960 708 3022 quo
728 2944 836 3002 Aeneas
854 2943 894 3000 ad
906 2940 1017 3002 Italiam
1040 2941 1131 3016 verrit,

133 3038 204 3115 finis
229 3055 287 3097 erar
313 3035 413 3096 Italiae
435 3032 516 3117 usque
531 3039 571 3095 ad
584 3037 746 3100 Rubiconem
758 3033 903 3120 fluvium.
927 3087 937 3108 .
961 3085 969 3101 .
992 3043 1070 3101 Unde
1082 3060 1132 3122 ap·
1229 3101 1232 3108 ,
1333 3097 1335 3104 ,

99 3194 113 3249 J
130 3138 411 3220 partes-Antenorem
435 3157 487 3196 non
508 3137 549 3195 ad
567 3135 679 3198 Italiam
699 3132 810 3216 venrffi,
819 3133 921 3215 sedari
937 3139 1057 3201 Galliam
1074 3132 1132 3213 cis.

136 3234 277 3320 alpinam,
312 3235 419 3316 inqua
438 3233 547 3295 Veneria
563 3233 611 3314 esi.
662 3237 757 3318 Postea
785 3260 870 3310 vero,
900 3239 1030 3323 promotis
1050 3232 1132 3318 usque
1224 3231 1225 3236 ’

139 3336 178 3393 ad
195 3332 284 3414 Alpes
306 3333 406 3393 Italiae
429 3313 534 3412 struibus
544 3376 555 3404 ,
576 3334 684 3396 novitas
709 3337 810 3398 creavit
838 3317 980 3403 errorem

183 3434 268 3510 anre)
292 3453 320 3498 v.
342 3433 449 3494 Savaro
470 3433 505 3494 ed
527 3433 626 3494 Sidon.
646 3433 676 3498 L.
697 3433 721 3498 i.
743 3455 794 3514 ep.
814 3457 839 3512 5.
879 3450 1015 3502 flesset..
1143 3455 1146 3462 ·

187 3532 337 3610 Perpetem
361 3529 432 3592 baec
452 3530 538 3592 nostri
561 3530 647 3594 verba
668 3534 745 3611 cepit
762 3534 887 3597 Ortelius
906 3535 957 3599 sub
980 3552 1053 3599 voce
1074 3535 1137 3604 Virz

139 3629 220 3706 hius,
246 3631 295 3708 qui
310 3629 409 3691 frustra
427 3629 571 3692 succenset
592 3631 694 3707 Vibio,
725 3634 803 3711 quod
820 3634 926 3702 Varum
948 3650 1030 3698 antea
1051 3655 1134 3698 voca·

137 3743 199 3791 tum
219 3728 401 3791 Rubiconem
424 3729 526 3792 tradat.
550 3729 620 3792 Non
636 3732 665 3792 id
687 3731 737 3794 fibi
754 3733 816 3796 vult
845 3734 964 3810 Vibius,
993 3734 1043 3795 sed
1064 3734 1135 3798 olim

140 3805 324 3890 Rubiconem
344 3827 546 3891 disterminaffe
562 3829 703 3894 Italiama
722 3831 810 3895 Gallia
828 3832 940 3907 scribit,
966 3832 1061 3910 postea
1083 3833 1136 3898 Va.

136 3945 212 3989 rum.
248 3927 350 3989 Traxit
365 3941 460 3989 autem
478 3928 536 3990 ista.
547 3948 582 3990 ex
599 3929 733 4005 Lucano,
751 3933 799 4010 qui
815 3931 880 3994 ioco
903 3932 1017 3996 laudato
1037 3933 1092 3998 irc:

263 4027 341 4090 Finis
368 4019 560 4109 &Hesperiae
578 4047 707 4173 promoto)
718 4029 802 4089 limite
826 4032 925 4093 Varus.

734 4133 745 4185 i
