2830 4716
269 286 351 382 ’με
406 271 409 280 ’
482 291 668 352 uonna
726 281 1049 354 vaaroaum

271 453 364 515 fatum
379 452 539 526 enarravit,
559 452 664 513 Aricini
690 451 815 516 nemoris
840 473 867 516 v.
893 458 966 532 756.
984 453 1163 520 mentionem
1181 454 1274 537 Facit,

272 552 379 631 inquo
398 550 605 634 Dianaesacris
631 550 680 612 iste
703 569 802 612 vacare
823 551 857 614 stt
884 550 997 615 solitus:

293 698 296 703 ·
355 676 448 735 Lucus
465 695 522 734 eum
540 668 700 754 maturisque
717 675 781 743 tui,
803 675 967 756 Diilynna,
998 671 1110 753 reteffus

398 770 493 847 Celat,
521 771 634 832 Aricino
667 773 775 831 Vtrbius
806 772 852 832 ille
877 773 952 836 lacu.

270 895 378 962 Lacum
399 915 489 974 quum
512 895 761 974 viditSequeller,
785 895 905 958 fluvium
926 917 963 958 ex
990 917 1026 960 eo
1053 900 1194 961 orientem
1228 921 1277 962 co·

273 997 372 1074 gitav'it
392 995 606 1072 cognominem.
638 993 769 1071 Virgilius
783 993 917 1057 fabellam
926 997 1078 1076 Hippolyti
1096 1011 1186 1060 totam
1197 997 1273 1062 clare

273 1091 339 1154 satis
358 1094 479 1170 exponit
497 1091 519 1157 l.
537 1112 565 1153 c.
586 1103 617 1153 ut
631 1093 654 1153 is
676 1093 793 1152 turbatis
814 1095 951 1176 dislratlus
962 1099 1002 1175 fit
1021 1096 1097 1178 equis
1123 1098 1274 1159 &oecide-

273 1188 328 1267 rit,
346 1208 377 1250 ret
393 1191 521 1251 Paeoniis
533 1208 676 1251 reuocatus
686 1192 724 1270 fit
745 1193 773 1252 r'n
790 1195 876 1254 uitam
888 1194 997 1270 herbis,

328 1336 338 1350 ²
401 1316 442 1375 Ut
464 1333 545 1396 pater
571 1313 749 1395 omnipotens,
773 1315 889 1397 aliquem
912 1317 1066 1400 indignatus
1079 1316 1114 1378 ab
1133 1319 1235 1382 umbris

397 1412 549 1475 Mortalem
573 1408 682 1492 infimis
708 1415 748 1472 ad
763 1413 865 1476 lumina
878 1410 986 1498 surgere
1009 1417 1104 1494 uitae,

400 1509 461 1596 Ipse
481 1531 634 1594 repertorem
663 1513 808 1573 medicinae
836 1513 904 1572 talis
928 1514 956 1574 6·
990 1515 1078 1585 artis,

400 1610 520 1671 Fulmine
547 1611 740 1694 Phoebigenam
770 1613 888 1696 Stygias
917 1614 1026 1693 detrufit
1039 1615 1079 1673 ead
1092 1613 1185 1674 undas.

274 1739 316 1800 At
336 1735 431 1800 Triuia
441 1781 450 1812 ,
462 1737 501 1798 ita
516 1713 594 1798 istinc
612 1737 722 1814 pergit,
737 1735 919 1818 Hippolytum
932 1731 1045 1812 secretis
1067 1735 1140 1797 alma
1155 1735 1278 1798 recondit

309 1869 310 1872 ’
399 1861 515 1922 Sedibus
536 1851 727 1942 &Nymphae
746 1859 863 1944 Egeriae
891 1860 1038 1942 nemorique
1063 1860 1165 1943 relegat
1176 1882 1191 1934 ,·

400 1959 485 2020 Solus
505 1959 552 2017 ubi
571 1958 692 2038 instluis
712 1955 795 2018 Italis
815 1959 942 2042 ignobilis
961 1980 1058 2022 aeuum

399 2058 549 2139 Exigeret,
571 2053 697 2144 uerfirque
715 2059 761 2116 ubi
786 2059 889 2120 nomine
905 2058 1014 2120 Virbius
1031 2054 1102 2152 effer.

275 2179 366 2243 virbii
388 2199 496 2242 nornen
517 2181 632 2242 Servius
650 2181 687 2243 ad
706 2181 785 2244 hunc
811 2179 909 2245 locum
937 2183 1005 2244 inde
1019 2183 1166 2258 'dedanim
1197 2181 1276 2261 quod

276 2281 352 2360 quast
369 2278 411 2337 bis
431 2279 517 2339 uirum
535 2280 628 2340 uocari
650 2275 752 2356 jufferit
771 2282 868 2340 Diana
881 2279 1073 2362 Hippolytum.
1113 2281 1202 2358 Quod
1213 2282 1276 2359 qui·

276 2380 344 2440 dem
368 2392 503 2456 etymon,
529 2377 649 2456 Aquod
675 2399 824 2457 unquam,
858 2397 943 2458 quam
965 2379 1092 2440 maxime
1123 2377 1272 2440 claudicat.

275 2476 444 2540 Scholiastes
465 2475 548 2539 Persri
571 2477 608 2538 ad
627 2477 683 2540 Sat.
701 2477 750 2540 VI.
772 2499 799 2540 v.
820 2486 869 2554 56.
890 2479 929 2540 ita
950 2477 1059 2540 ditium
1089 2477 1176 2538 refert
1203 2477 1278 2555 Hip·

276 2575 429 2655 polytum,
459 2575 537 2654 quod
556 2576 598 2635 bis
620 2577 648 2634 in
666 2577 752 2637 uitam
763 2575 891 2658 prolatus
917 2594 949 2640 rt.
973 2577 1054 2640 ldem
1072 2593 1188 2657 quatuor
1216 2575 1275 2634 mil-

277 2672 350 2737 libus
372 2675 407 2734 ab
428 2676 489 2734 urbe
508 2675 594 2736 Vrrbii
616 2675 717 2735 cliuum
732 2671 821 2751 ‘abeffi
843 2689 1002 2744 memorat,
1015 2683 1078 2755 'qua
1104 2675 1139 2753 est
1161 2674 1213 2733 iter
1237 2675 1277 2732 ad
1402 2735 1403 2748 ,

276 2774 443 2836 Ariciam&
459 2775 499 2833 ad
517 2765 608 2835 nemus
628 2775 765 2844 Dianae,
793 2775 839 2833 ult
861 2775 969 2835 Virbius
993 2771 1099 2833 colitur.
1143 2770 1180 2834 O.
1232 2799 1238 2809 ¹

700 2894 829 3024 Ufens

317 3133 425 3196 Plinius
443 3133 473 3196 L.
491 3133 544 3196 III.
564 3154 591 3202 c.
613 3156 639 3211 5.
667 3136 742 3195 Dein
754 3143 856 3214 flumen
875 3131 978 3215 Ufens,
1009 3131 1096 3216 fitpra
1110 3135 1183 3216 quod
1214 3134 1275 3194 Ter·

272 3232 535 3314 ''racina‘oppidum
561 3233 656 3316 lingua
674 3227 828 3308 Volscorum
845 3235 947 3296 Anxur
966 3233 1072 3294 dilium.
1114 3233 1199 3311 Apud
1224 3231 1277 3296 Fe·

278 3332 351 3395 stum
369 3331 498 3395 scribitur
520 3329 638 3412 oufens,
667 3336 745 3396 unde
760 3333 918 3396 Oufentina
935 3331 1033 3395 tribus.
1064 3329 1165 3394 Strabo
1187 3331 1220 3395 L.
1237 3327 1274 3391 V.

273 3452 306 3512 p.
324 3449 392 3512 23¹3.
414 3429 537 3506 ”nupcias
560 3434 639 3499 dicit.
663 3415 719 3495 tibi
747 3435 825 3494 enim
847 3432 884 3493 de
909 3431 1080 3507 Tarracina,
1108 3429 1200 3508 prius,
1228 3427 1274 3489 uti

278 3527 362 3606 vult,
383 3528 526 3594 Trachina
549 3546 651 3595 vocata
674 3534 763 3608 dixit,
795 3532 874 3594 addit
902 3514 972 3595 ista:
1002 3531 1127 3607 mimum
1153 3526 1180 3584 ii
1203 3523 1276 3589 dv‘lie
1341 3539 1347 3549 '
1402 3529 1403 3538 ’

277 3629 349 3704 μῖγῦ
364 3624 453 3694 Μ’,
475 3625 488 3684 ‘l
508 3629 605 3688 meroide
627 3626 673 3690 lde
692 3627 796 3705 meiupeei
806 3647 814 3663 ‘
836 3632 952 3688 nemrim
968 3623 1016 3686 Ν
1035 3623 1126 3703 peligni
1138 3621 1274 3700 Kopai&

276 3724 379 3802 Palus,
404 3745 489 3805 quarn
507 3742 669 3805 memorat,
684 3729 835 3809 Pomptina
852 3730 901 3792 est.
925 3729 994 3792 Eam
1012 3728 1070 3790 duo
1085 3726 1212 3788 maxime
1224 3724 1277 3786 llu.

270 3825 314 3885 vii
331 3824 489 3902 implebant
510 3823 681 3904 Amasenus,
701 3830 737 3891 de
762 3849 818 3906 quo
841 3829 942 3908 supra,
959 3843 1045 3906 atque
1068 3827 1167 3889 Ufens.
1199 3825 1277 3886 Stra·

275 3919 384 4004 ponem
404 3924 536 4006 scriplrffe
563 3927 695 4005 ''ovpron
725 3927 878 4010 suspicatur
898 3927 1067 4009 Xylander,
1086 3942 1172 4004 quem
1195 3925 1275 3985 retia
