2798 4710
217 353 255 416 11
603 327 839 465 1301

294 477 491 602 Nomen
461 553 534 622 ejus
548 513 747 602 Romanum
767 527 947 602 hominem
964 525 989 602 s
976 545 1084 625 gnat
1120 533 1215 604 Nota
1300 511 1302 518 Ι

221 613 302 714 olim
328 637 476 734 satisque
499 639 667 714 celebrata
694 639 762 714 fuit
782 667 867 738 gens
887 623 1002 724 Vibia.
1026 645 1084 718 Ast
1099 646 1216 718 Vibius

221 745 395 856 dequesta,
412 773 583 846 quantum
609 756 763 840 constat,
786 758 945 843 aliunde,
970 783 1075 852 quam
1094 755 1219 832 exhoc

222 866 361 956 libello,
381 881 486 941 notus
503 894 576 941 non
601 869 658 952 est
719 873 828 960 Quod
854 876 946 943 enim
963 873 1218 964 Glandorpiitm

224 962 264 1056 in
284 978 493 1056 onomastico
513 985 671 1057 Romano
688 983 828 1056 offerere
856 987 1019 1060 nonnulli
1041 981 1219 1090 referunt,

224 1099 298 1192 ejus
315 1101 529 1170 mentionem
552 1103 590 1172 in
612 1103 757 1192 antiquo
782 1100 893 1192 lapide
914 1097 1010 1181 fieri,
1036 1097 1072 1170 id
1089 1119 1219 1171 vanum

222 1209 285 1282 else
308 1209 525 1306 falsumque,
553 1211 729 1308 inspedlus
767 1211 839 1306 ipse
876 1215 1001 1306 optimi
1027 1215 1097 1285 viri
1120 1213 1218 1292 locus

223 1349 277 1396 me
301 1326 431 1398 docuit.

298 1527 487 1624 Sequestrrm
518 1525 648 1598 dictum
670 1521 732 1598 effe
750 1523 918 1606 Vibium,
947 1525 1118 1598 librorum
1136 1519 1220 1596 scri-

223 1654 366 1729 ptorum
386 1643 590 1712 audioritate
604 1637 689 1724 ¹satis
708 1637 755 1710 est
774 1639 948 1718 ovidium
980 1663 1094 1731 neque
1111 1662 1221 1730 quen-

224 1775 329 1842 quam
359 1777 444 1846 puto
461 1749 561 1841 lore,
590 1757 654 1848 qui
675 1771 754 1826 cum
770 1750 961 1824 Vincentio
980 1752 1161 1824 Mirabella
1180 1754 1225 1822 in

101 1886 109 1892 ·
225 1863 506 1958 Antiquitatibus
530 1866 751 1960 Syracusanis
768 1891 802 1960 p.
826 1884 906 1957 104„
929 1869 1110 1966 Equestum
1130 1864 1222 1938 salu·

227 1980 372 2060 tandum
399 1979 462 2054 fibi
487 1981 699 2073 persuadeat.
737 1983 935 2081 Sequeflrum
953 1981 1147 2051 vocandum
1158 2003 1221 2070 pu·

227 2107 316 2164 rarat
340 2096 423 2168 olim
444 2091 515 2181 Jos.
541 2097 700 2188 Scaliger.
752 2096 805 2166 Ita
835 2095 928 2164 enim
957 2095 996 2162 in
1025 2089 1217 2164 Lectionib.

226 2201 435 2278 Ausonianis
454 2231 525 2300 cap.
549 2225 579 2295 5.
632 2257 657 2289 „
675 2207 762 2280 Aliis
777 2205 1043 2296 vocaturAtyr,
1062 2191 1220 2277 utVibio

229 2317 423 2409 Sequestro.
440 2372 465 2412 „
515 2321 651 2392 Verum
675 2323 766 2391 redte
790 2316 853 2390 hac
866 2314 1041 2390 occalione
1059 2341 1101 2387 ex
1112 2315 1221 2389 Gerh.

227 2431 307 2515 Joh.
330 2431 450 2506 Voffio
465 2435 712 2508 animadvertit
728 2433 832 2506 Laur.
849 2430 986 2506 Theod.
1005 2433 1223 2512 Gronovius,

230 2561 335 2636 quem
357 2548 451 2618 inter
472 2549 645 2620 Vibianos
662 2550 870 2639 interpretes
890 2550 1104 2639 recepimus,
1137 2550 1225 2639 „Se-

230 2703 255 2738 „
281 2662 437 2760 queflrum
457 2659 622 2754 usurpare
643 2663 937 2752 Plautum'atque
953 2662 1164 2753 Virgilium,
1191 2675 1226 2728 at

231 2820 255 2850 ³,
284 2777 404 2845 tertiae
427 2801 569 2870 quoque
587 2776 829 2876 declinationis
845 2771 932 2856 elle,
947 2791 1064 2866 patere
1082 2797 1124 2843 ex
1138 2771 1226 2841 Tul-

230 2932 255 2963 22
283 2885 349 2967 lio,
376 2889 438 2978 qui
462 2891 500 2960 in
525 2889 560 2961 Il
582 2890 617 2960 V
619 2892 752 2962 errina:
780 2889 1033 2984 Autsequestres
1052 2908 1111 2956 aur
1128 2887 1227 2953 inter-

232 3046 255 3077 „
273 3023 379 3088 preces
397 3007 616 3095 corrumpendi
622 3005 757 3094 judicii.
774 3052 797 3083 „
849 3002 955 3073 Addit
970 3002 1173 3074 Gronovius
1188 3004 1228 3069 in

232 3101 336 3183 initio
364 3114 473 3202 libelli
497 3119 571 3190 MS.
598 3113 866 3190 Mediolanenfis
902 3117 1057 3207 itemque
1088 3116 1128 3185 in
1155 3108 1226 3184 fine

231 3224 319 3317 legi:
358 3232 447 3299 Vibii
463 3215 633 3332 Sequestris
648 3233 697 3300 ¹de
724 3233 927 3301 Fluminibus
977 3283 987 3300 .
1039 3283 1048 3298 .
1101 3281 1112 3299 .

178 3533 181 3542 ¹
285 3435 428 3512 Constat
451 3467 533 3538 ergo
568 3441 613 3516 fic
642 3441 721 3519 satis
745 3445 787 3517 de
810 3445 980 3522 nomine;
1016 3461 1226 3530 nonaeque

234 3547 423 3642 deonna,
446 3567 552 3648 q'uam
566 3556 708 3650 prorsus
727 3553 942 3652 ignoramus.
971 3551 1098 3646 Neque
1110 3572 1228 3644 porro,

236 3686 343 3754 quam
368 3681 476 3742 ortem
501 3673 558 3744 vel
577 3668 648 3765 ipse
666 3673 723 3746 vel
743 3673 962 3768 Virgilianos
982 3665 1076 3740 filius
1091 3662 1131 3736 fit
1150 3687 1231 3756 pro-

232 3771 363 3864 fessus,
387 3788 437 3858 in
445 3803 590 3880 ¹promtu
611 3786 659 3859 est
685 3787 831 3871 dicere,
850 3785 976 3859 litteris
998 3775 1129 3854 navaffe
1149 3801 1233 3903 ope

209 3912 351 3978 ram,
366 3921 421 3970 res
442 3895 514 3994 ipsa
537 3900 650 3974 docet.
