2836 4718
265 343 345 444 202
494 337 684 406 NOTAE
729 328 1059 404 'VARIO'RUM

262 532 287 578 c.
310 533 336 590 3.
355 509 405 572 ubi
423 506 546 568 ostendit
561 523 597 564 ex
612 495 724 576 Vesuvio
738 499 833 562 fecisse
849 499 996 564 Romanos
1017 499 1163 578 Veseoum,
1179 499 1262 568 Grae-

261 633 311 677 cos
325 631 360 673 ex
379 609 436 670 boe
449 605 562 676 Bienor,
573 601 696 662 l'esbium
708 637 720 668 ,
742 598 882 668 Verrium,
898 601 1058 663 Baebium&
1072 604 1188 663 tandem
1203 623 1264 666 eor-

259 725 345 790 rupte
362 708 459 778 uincor,
483 701 603 761 Bebium.
639 698 676 760 Et
694 699 780 772 hujus
799 699 916 774 quidem
942 702 1068 761 nominis
1090 701 1265 764 documenta

238 811 364 889 'repetit
380 824 416 866 ex
439 801 595 877 Procopio,
619 798 666 874 qui
677 797 793 860 Gothic.
814 797 877 858 hist.
903 797 933 860 L.
954 798 992 860 ΙΙ.
1015 817 1134 876 quater,
1161 817 1262 879 quarto

253 907 359 974 bisen
385 903 490 976 mitum
514 900 582 960 dein
612 916 648 958 ex
676 895 815 958 Anastasio
835 896 1003 960 bibliothec.
1031 899 1062 959 in
1088 901 1146 962 vita
1171 901 1263 962 Benc-

259 1009 327 1070 didii
351 1005 389 1066 ll.
419 1001 468 1064 ubi
505 997 593 1060 Mons
625 995 745 1069 Bessos,
782 996 828 1075 qui
854 997 888 1078 ess
912 997 940 1055 in
976 998 1142 1078 Campania,
1177 993 1263 1073 mense

260 1106 367 1168 Martio
380 1099 513 1162 eruslaru't
522 1118 536 1169 ;
557 1097 673 1158 deinum
688 1113 725 1154 ex
739 1093 888 1156 Monacho
899 1094 1117 1156 Altissrodorensr
1130 1097 1160 1155 in
1169 1096 1262 1158 Chio.

259 1206 344 1277 nico,
356 1201 405 1262 ubi
422 1200 506 1258 Mons·
522 1194 622 1256 Bessus
639 1209 734 1274 ruptus
750 1192 778 1250 io
797 1193 903 1254 vertice.
927 1193 1039 1271 ltaque,
1052 1209 1088 1256 ut
1107 1195 1180 1256 salva
1196 1215 1260 1257 rur·

251 1305 303 1365 siis
324 1305 350 1363 de
372 1299 419 1360 hie
443 1296 483 1358 est
504 1293 657 1356 auctoritas
678 1291 769 1366 Vibii,
793 1293 833 1352 ita
851 1307 930 1369 patet
952 1295 1074 1364 iterum,
1100 1291 1191 1372 ipsum
1207 1315 1261 1356 no·

259 1403 354 1470 nrina,
373 1413 445 1473 quae
463 1393 511 1454 sua
529 1392 590 1452 fere
610 1403 703 1452 aetate
725 1391 756 1450 in
773 1390 853 1452 usum
872 1393 944 1466 trahi
959 1395 1047 1468 vidit,
1061 1393 1156 1467 seriei,
1171 1415 1260 1471 quarn

255 1494 465 1566 concinnabat,
488 1487 654 1558 inseruisse,
679 1503 711 1550 ut
734 1488 818 1566 supra
834 1491 864 1550 in
891 1490 1005 1570 Cafilino
1029 1493 1132 1553 &aliis
1155 1493 1260 1568 depre-

257 1597 422 1662 hendimus:
453 1592 556 1669 Neque
586 1584 725 1651 Boccacio
755 1587 875 1650 dubium
899 1587 980 1650 fuisse
1011 1591 1138 1663 videtur,
1168 1609 1256 1666 quem

256 1698 376 1762 Bebium
403 1693 512 1754 diceret
530 1691 694 1767 Sequester,
716 1685 755 1747 ita
778 1689 856 1746 enim
874 1687 944 1750 isle:
967 1687 1068 1748 Bebius
1093 1687 1254 1769 Campaniae

253 1817 332 1858 mans
353 1795 418 1875 est:
432 1793 517 1874 ignem
536 1791 576 1849 ad
590 1787 674 1880 instar
690 1787 797 1846 Aetnae
825 1786 937 1846 Siculae
962 1807 1106 1869 vaporans.
1151 1787 1190 1852 O.

249 1929 252 1936 Ι
371 1919 387 1955 l
680 1951 829 2038 Boreas

295 2157 340 2221 nd
354 2151 562 2234 Dyrrachsnam
580 2147 800 2230 topographiam
820 2142 944 2228 spectat,
970 2165 1042 2226 quae
1066 2164 1151 2226 quam
1167 2139 1255 2213 suerit

252 2257 348 2322 nostro
371 2251 471 2334 cordi,
495 2249 577 2326 supra
603 2249 777 2310 declaratum
796 2249 844 2310 est.
867 2267 895 2310 v.
917 2247 994 2313 Alto.
1029 2244 1160 2324 Genufirs.
1190 2252 1254 2308 Ica-

249 2376 311 2418 ηας.
331 2349 454 2412 Mathis.
486 2346 604 2405 museus
627 2349 655 2407 dr
675 2361 774 2408 notata
798 2349 890 2409 nostra
908 2348 943 2408 ad
959 2345 1087 2408 laudatos
1105 2348 1252 2436 articulos.

250 2456 371 2522 boream
388 2445 536 2526 Dyrrachii
569 2460 699 2507 montem
727 2447 860 2524 ignorant
892 2444 1071 2524 Geographi,
1108 2460 1254 2527 quotquot

249 2568 359 2618 extant·
372 2558 378 2569 “
390 2550 467 2612 Scite
481 2546 606 2609 Ortelius
628 2547 726 2606 Boram
745 2547 803 2608 huc
818 2545 904 2607 trahit
919 2546 990 2608 Livii
1003 2586 1012 2618 ‚
1034 2565 1121 2623 quem
1140 2548 1164 2606 is
1180 2546 1258 2608 scili.

250 2667 300 2718 cet
324 2651 360 2712 ad
379 2648 608 2726 Septentrionem
636 2648 791 2706 terminum
809 2645 998 2708 Macedoniae
1022 2647 1104 2722 ponit
1128 2641 1158 2707 L.
1181 2627 1251 2708 XV}

232 2737 291 2818 ,cs
307 2769 356 2828 29.
384 2749 423 2809 ita
443 2762 475 2808 ut
491 2744 637 2822 lllyridem
662 2744 799 2822 respiciat.
851 2743 976 2815 Verum,
1015 2745 1250 2822 quandoquidem

249 2849 326 2918 solus
350 2848 390 2909 est
401 2885 413 2916 ‚
436 2851 575 2924 quantum
598 2845 701 2918 sciam,
727 2845 839 2917 Livius,
858 2845 906 2920 qui
927 2846 989 2919 ejus
1007 2844 1095 2904 Borae
1112 2847 1250 2905 memine-

221 2961 224 2966 ’
249 2950 306 3022 rit,
332 2944 453 3006 dubium
477 2945 565 3005 videri
588 2941 693 3019 possit,
718 2962 754 3002 ex
772 2943 852 3004 Livio
877 2929 974 3006 Vibius
995 2963 1033 3004 an
1059 2941 1108 3005 hic
1132 2963 1166 3005 ex
1192 2945 1246 3014 islo

249 3045 284 3106 srt
303 3042 508 3104 emendandos.
533 3041 632 3118 ltaque
654 3061 761 3103 nornen
783 3040 869 3101 Rome
885 3063 944 3103 non
964 3045 995 3104 in
1022 3043 1133 3106 Vibium
1153 3043 1248 3122 ipsum

248 3125 428 3217 recepimus,
442 3153 471 3200 at
484 3141 664 3216 conjesturae
680 3129 776 3202 tamen
796 3130 894 3204 locum
911 3143 1052 3206 dedimus.
1078 3144 1166 3221 Quod
1183 3145 1251 3222 quis

242 3253 383 3320 ‚oggerass
408 3241 593 3328 remotiorem
612 3240 667 3300 esse
688 3261 704 3301 a
721 3242 876 3320 Dyrrachio
897 3241 998 3303 Rotam
1012 3243 1101 3316 Livii,
1123 3244 1154 3303 id
1174 3245 1249 3306 nibil

249 3342 310 3418 est3
334 3338 471 3418 siquidem
504 3337 588 3400 satius
625 3342 728 3402 vicinia
749 3331 831 3417 'apud
862 3338 953 3418 ipsunt
978 3340 1049 3403 sumi
1071 3339 1150 3402 solet.
1200 3343 1250 3404 Sic

242 3421 343 3503 ⁸latiori
366 3456 481 3516 quoque
508 3435 586 3500 sensu
609 3439 764 3517 capiendus
788 3439 959 3506 Boccaciust
997 3439 1099 3498 Boreas
1119 3439 1249 3520 monsesl

249 3539 347 3621 Epiri,
369 3537 528 3618 Dyrrachio
543 3539 693 3618 proximus,
727 3539 955 3600 Promontorium
968 3539 1070 3598 Borean
1089 3537 1126 3598 ad
1139 3537 1248 3616 Syrtim

218 3687 220 3690 .
247 3637 358 3698 Africae
378 3655 508 3713 magnam
534 3655 600 3696 cum
623 3637 712 3698 Plinio
736 3637 768 3699 L.
786 3637 821 3700 V.
847 3658 872 3698 c.
886 3657 914 3711 4.
942 3635 1120 3696 Ptolemaeus
1147 3634 1246 3710 locat;

247 3734 326 3798 idem
357 3737 385 3796 dt
406 3731 436 3794 in
454 3733 589 3796 Hibernia
609 3733 687 3795 aliud
704 3734 840 3801 recenset.
887 3733 1003 3798 Orosius
1030 3731 1107 3796 aliud
1121 3733 1191 3796 item
1215 3739 1248 3795 in

242 3831 320 3898 adsta.
344 3830 497 3898 Pausaniae
513 3852 600 3898 mone
613 3831 763 3896 esiBoreos
773 3836 804 3896 in
817 3837 948 3905 Arcada.
961 3835 992 3900 L.
1002 3834 1079 3902 sill.
1093 3854 1118 3898 o.
1131 3855 1180 3911 44·
1205 3836 1245 3897 Ο.
