2798 4710
365 325 368 330 ·
447 323 522 386 an
581 321 841 384 suuntur
1077 335 1129 417 43

134 483 234 564 potest.
276 478 512 548 Absurdissimum
540 480 611 545 illud
630 494 707 548 certe
723 482 857 560 videtur;
880 483 910 546 in
924 486 1048 548 eueniat
1064 505 1133 550 con·

133 587 255 650 veniunt
264 601 365 644 omnes
375 581 547 660 geographi,
564 582 642 659 quod
657 601 708 666 per
724 581 827 646 insulas
850 581 1025 656 Echinadas,
1055 597 1086 648 ut
1104 588 1133 650 de

133 682 219 760 supra
232 703 267 747 ex
286 680 421 744 Pausania
437 681 577 756 vidimus,
596 681 626 740 in
643 699 738 755 mare,
757 679 803 744 vel
821 681 852 743 in
876 680 1091 751 Corinthiacum
1102 682 1134 750 ii.

134 801 208 846 num
232 780 387 851 delabatur.
406 777 557 867 Dionysius
581 779 688 858 Perieg.
711 777 781 846 vers.
815 797 885 858 431.
905 776 962 864 seq.

219 893 268 956 air
282 887 366 969 l'risrrp
383 895 405 953 ἐς
429 891 491 949 aleas
512 899 569 950 siau
584 930 591 953 ,
609 893 658 948 ivl
672 887 770 952 emisit
784 887 932 968 'Aprustum

217 1003 309 1082 dalpdv
331 1003 453 1069 ’Διτῳλόμ
493 1003 576 1062 mlier
597 1005 691 1080 μέγα·
716 1002 750 1059 τῖἱ
775 1002 819 1064 lai
838 1005 923 1080 plcre

219 1117 317 1197 crlpr'iqu
347 1117 414 1174 lauh
452 1114 535 1192 abas,
554 1112 705 1190 Ἀχιλόῖῶι
726 1113 899 1196 ἱργυροῖἶνης,

219 1224 355 1307 Toranio
372 1230 414 1286 ivl
430 1229 512 1288 altro,
531 1230 706 1308 inculpatos,
728 1225 773 1288 lul
788 1231 887 1304 pelam

221 1341 311 1408 ιη’σω,
336 1337 366 1403 oie
383 1342 501 1402 naastan
530 1340 673 1413 ’Exorassem

142 1463 238 1541 Quam
253 1458 339 1537 longe
359 1457 429 1524 haec
451 1454 602 1520 aMaliaco
625 1429 710 1524 Anu‘l
735 1456 843 1520 Similia
854 1456 940 1522 habet
965 1459 1065 1524 Strabo
1075 1461 1142 1534 liba.

141 1561 255 1638 llam·
267 1568 338 1632 458·
355 1551 784 1640 &priuslibr.VI1.pag.;27.
801 1569 834 1621 ut
857 1560 885 1620 ἃ
904 1559 1068 1624 Herodotus
1076 1562 1143 1631 libr.

142 1657 181 1722 ll.
201 1676 264 1734 cap.
292 1674 338 1720 ιο.
365 1651 514 1720 &scholia
537 1663 633 1721 vetera
654 1654 773 1723 Homeri
801 1653 881 1720 Iliad.
909 1657 946 1725 ll.
979 1660 1047 1722 vers
1070 1669 1142 1736 ⁶25·

35 1785 39 1796 ·
146 1757 233 1826 Unde
249 1753 326 1824 clare
341 1763 436 1832 patet,
459 1765 508 1816 aut
521 1751 597 1813 Vibii
609 1752 696 1820 verba
726 1751 782 1816 esse
805 1768 958 1836 corrupta,
985 1770 1034 1820 aut
1051 1757 1145 1836 ipsum

151 1853 251 1918 falsum
277 1851 344 1919 esse.
369 1851 513 1920 Mendum
537 1851 568 1912 iu
589 1849 683 1928 verbis
703 1871 762 1914 non
785 1851 897 1923 subest,
929 1873 997 1919 curn
1021 1854 1093 1923 nulli
1114 1857 1147 1922 in

151 1951 205 2020 hac
236 1951 355 2020 lectione
392 1949 553 2012 dissentiant
578 1949 715 2026 codices,
750 1949 799 2018 sed
826 1951 919 2030 ipsum
940 1953 1026 2015 credo
1054 1971 1147 2016 errare

152 2050 280 2123 Vibium,
289 2050 338 2130 qui
347 2047 419 2140 duos
432 2048 558 2126 ejusdem
567 2048 692 2116 nominis
701 2067 799 2110 amnes
808 2049 967 2112 confundit.
983 2049 1060 2118 Alter
1069 2053 1149 2122 enim

147 2147 292 2215 Achelous
307 2147 364 2210 hoc
382 2147 476 2208 nostro
495 2147 589 2210 minor
611 2145 648 2212 ad
671 2146 828 2219 Maliacum
851 2149 944 2217 sinum
971 2150 1146 2228 effunditur;

148 2244 301 2314 cadorcii
318 2244 418 2312 Strabo
437 2243 501 2310 libr.
517 2244 558 2314 X.
579 2265 643 2330 pag.
661 2266 732 2326 450.
750 2247 803 2307 ”ara
822 2247 850 2307 li
867 2251 910 2307 ul
933 2247 944 2304 ὅ
968 2247 1037 2328 παρὰ
1061 2247 1150 2328 Δύμη,
1204 2231 1208 2242 ’

150 2342 292 2419 spoliate&
305 2337 395 2418 ‚esces
411 2337 523 2420 καθάπερ
539 2343 629 2420 sapam
646 2347 689 2404 ml
717 2343 800 2422 impl
820 2348 932 2421 Λαμίαν,
965 2348 1031 2428 Agit
1050 2348 1091 2416 ibi
1112 2351 1151 2426 dq

149 2442 240 2508 trihus
256 2440 411 2524 Achelois,
444 2459 567 2520 quorum
591 2440 726 2510 ultimum
756 2443 845 2506 fluere
870 2445 910 2507 ait
932 2435 975 2508 'ad'
997 2447 1149 2526 lamiam

150 2542 277 2609 Lantiam
304 2555 401 2606 autem
421 2539 522 2608 urbem
548 2542 629 2618 juxta
656 2541 813 2608 Maliacum
844 2542 936 2607 srnurn
958 2544 1038 2612 sitam
1062 2547 1150 2621 refert

157 2642 236 2706 idern
252 2640 313 2705 libr.
330 2639 385 2704 IX.
410 2657 474 2719 pag.
494 2657 563 2719 433.
595 2639 683 2708 Ortus
697 2658 763 2719 ergo
786 2641 924 2719 sequestri
941 2661 1018 2706 error
1035 2665 1071 2707 ex
1089 2667 1151 2712 non

151 2738 348 2804 animadverso
383 2737 446 2802 satia
485 2737 590 2803 horum
619 2739 772 2810 fluminum
798 2738 968 2805 discrimine.
1026 2757 1151 2832 esaan.

150 2841 223 2906 Non
239 2841 271 2902 in
282 2837 438 2904 Maliacum
452 2836 544 2900 finum
564 2837 653 2901 effluit
669 2836 830 2911 Achelous,
851 2835 899 2904 sed
918 2836 1012 2904 versus
1030 2837 1152 2904 Echina,

149 2943 224 3016 des,
243 2939 312 3002 teste
330 2935 463 3004 Pausania
484 2937 516 3000 in
535 2937 636 3001 Arcad.
652 2955 677 3006 c.
699 2947 745 3015 38.
760 2935 789 2996 in
805 2933 865 3013 ipso
882 2934 980 2998 limine
1002 2937 1076 2999 sinus
1093 2939 1155 3000 Coa
1249 2973 1257 2990 .

147 3039 295 3103 rinthiaei.
317 3057 345 3103 v.
362 3036 463 3099 Strabo
484 3033 517 3100 1..
534 3033 611 3099 Vlll.
624 3054 652 3114 p.
676 3053 744 3114 335.
766 3033 855 3115 Quod
872 3051 968 3102 autern
989 3035 1152 3113 Acheloum

149 3139 224 3228 dicit
246 3137 346 3200 Vibius
363 3135 501 3203 Aetoliam
519 3134 554 3196 ab
579 3135 737 3204 Acarnania
753 3133 903 3210 diuidere,
928 3133 1000 3197 illud
1024 3156 1083 3199 non
1109 3158 1160 3202 va.
1274 3163 1280 3176 ·

148 3237 211 3311 let,
232 3236 283 3300 nist
293 3235 439 3320 postquam
458 3254 475 3295 e
491 3233 580 3297 Pindo
596 3231 753 3312 progressus
770 3250 879 3310 partem
898 3233 1057 3306 Thessaliae
1077 3238 1153 3316 Ape,

147 3334 251 3398 rantiis
273 3333 428 3398 habitatam
452 3333 564 3412 rigavit.
595 3353 623 3396 v.
637 3331 765 3397 Palmerii
779 3332 877 3402 Graec.
889 3336 953 3401 Aut.
972 3333 1105 3400 t.1v.c.
1122 3357 1152 3404 1.

149 3438 180 3499 ἃ
195 3431 339 3500 d'Anville
356 3433 413 3498 tab.
431 3430 546 3510 specim.
560 3431 658 3496 Graec.
676 3445 735 3497 ant.
758 3429 873 3494 Fluuius
883 3432 906 3494 is
921 3432 951 3492 in
962 3432 1031 3502 ostio
1041 3432 1092 3494 suo
1102 3452 1151 3495 na.
1210 3447 1221 3463 ²

148 3553 205 3599 ves
230 3530 415 3607 admittebat,
449 3531 643 3594 Oeniadarum
666 3532 703 3592 ad
726 3527 836 3592 urbem.
856 3549 885 3597 v.
905 3529 1028 3613 Scylacis
1053 3530 1158 3608 perspi·

149 3651 181 3712 p.
195 3650 245 3710 13.
257 3646 283 3693 ε.
297 3645 413 3699 cllorx.
476 3629 526 3693 Nil
548 3643 644 3692 tamen
666 3632 835 3694 mutandum
852 3631 883 3691 in
909 3627 1011 3702 Vibio,
1037 3630 1118 3704 cujus
1133 3631 1159 3700 ia

148 3751 217 3794 non
235 3727 313 3792 solus
342 3747 419 3791 error
435 3729 483 3795 esl.
530 3729 634 3815 Veram
654 3729 769 3808 peccati
793 3727 914 3802 caussam
928 3726 1061 3795 Claudius
1087 3746 1157 3811 apes

151 3831 226 3893 ruit.
250 3829 289 3891 Ο.

71 3961 77 3983 ι
198 3927 341 3992 Aetoliam
351 3929 468 4006 δίων.
481 3925 586 3999 Plinius
596 3926 635 3995 H.
662 3925 884 3994 N.L.1V.c.1.
907 3921 1005 3989 Amnis
1023 3921 1162 3996 Achelous
