2830 4716
277 295 356 406 196
518 310 700 374 notan
756 311 1075 396 canonum

185 496 187 504 ‘
273 487 390 548 natum,
413 495 433 533 a
447 468 539 534 littera
555 472 585 533 in
603 495 617 532 r
639 483 768 544 mutata,
789 471 876 534 Saron
895 474 927 536 in
954 476 1103 540 codicibus
1130 477 1258 560 vulgatis.

274 587 420 636 uutnuu.
506 569 625 648 Lynceis
649 570 778 647 profecto
792 571 883 634 oculis
903 574 976 636 vidit
991 576 1147 641 Relandus.
1187 581 1263 643 Vibii

272 690 386 734 comma
400 683 493 732 totum
514 668 614 731 falsum
631 671 658 730 ἃ
677 667 792 746 supinae
810 669 999 749 negligentiae
1017 687 1115 753 partus
1133 677 1184 743 eu.
1209 679 1266 740 Ve-

273 789 358 841 rum,
384 787 473 846 quum
490 768 530 828 ita
549 785 593 828 rea
611 765 641 844 ie
654 766 772 843 habeat,
791 788 937 848 quumque
953 771 1064 836 Sasonis
1085 774 1193 838 insulae
1206 795 1267 838 me·

272 869 408 930 minerint
430 867 559 928 certatim
578 879 705 941 veteres,
728 867 766 928 cf.
788 866 924 931 Cellarius
937 870 975 935 O.
994 873 1027 934 A.
1054 871 1085 935 L.
1104 872 1143 941 ΙΙ.
1165 893 1190 936 c.
1216 894 1263 949 14.

273 968 323 1030 ubi
343 965 420 1043 apud
440 963 541 1026 Silium
560 963 713 1042 legendum
731 965 802 1026 dicit
825 960 965 1043 Saffirnis,
993 968 1091 1032 malim
1130 971 1264 1049 equidem

272 1066 406 1140 credere,
427 1063 542 1128 Vibium
560 1062 692 1141 scripfiffe
715 1058 818 1138 Sasm,
846 1065 962 1142 quoda
989 1065 1084 1130 sciolis
1106 1084 1266 1131 commuta.

273 1177 335 1227 tum
356 1165 387 1224 in
403 1166 497 1224 Saron.
542 1163 637 1238 Quam
653 1159 702 1222 fibi
725 1161 823 1223 similia
853 1162 907 1225 sunt
927 1162 1014 1242 vulgo
1032 1165 1105 1228 haec
1124 1167 1183 1228 duo
1209 1165 1265 1228 cle·

275 1274 371 1325 menta
390 1257 448 1335 s&
474 1261 534 1322 rin
551 1259 628 1322 libris
646 1279 733 1322 manu
749 1262 887 1336 exaratis,
900 1281 987 1323 nemo
998 1262 1053 1338 est,
1073 1266 1122 1342 qui
1141 1266 1264 1344 ignoret

273 1363 403 1438 Neque„
420 1373 453 1422 ut
473 1359 530 1421 hoc
550 1360 672 1434 addam,
696 1360 744 1420 hic
766 1361 855 1439 magis
872 1361 990 1423 ferenda
1006 1361 1071 1425 sunt
1085 1363 1172 1428 verba
1192 1365 1266 1429 Boo·

275 1460 361 1523 cacii:
384 1459 471 1520 Saron
489 1457 597 1540 fluvius
619 1459 654 1540 ιβ
676 1457 751 1517 ultra
772 1459 888 1519 Taurum
912 1479 1032 1530 montem.
1075 1462 1112 1526 Ο.

694 1623 843 1709 Sicoris

316 1825 448 1890 Lucanus
468 1822 564 1885 LIV.
585 1841 613 1882 v.
645 1838 691 1882 12.
714 1817 771 1900 seq.
797 1903 799 1910 Ι

485 2001 486 2005 ἵ
581 1915 663 2001 fitper
685 1920 756 1980 liunt
771 1913 895 1999 fiandata
915 1923 1018 2005 vetusta

396 2019 490 2103 Surgit
515 2017 607 2080 Ilerda
621 2039 701 2078 manu
709 2040 723 2090 ‚·
738 2019 862 2100 placidis
882 2021 1055 2101 praelabitur
1073 2023 1152 2083 undis

397 2111 541 2198 Hesperios
559 2116 626 2176 inter
643 2116 747 2176 Sicoris
773 2139 825 2177 non
844 2117 956 2178 ultimus
975 2132 1089 2195 amnes,

399 2217 508 2276 Saxeus
533 2214 633 2296 ingenti
656 2236 729 2294 quem
744 2237 815 2297 pons
833 2214 999 2298 amplellitur
1028 2239 1122 2289 arcu,

399 2313 544 2392 Hybemar
566 2307 693 2393 paffitrus
714 2335 809 2392 aquas.

152 2483 155 2490 -
275 2436 468 2506 &Ausonius
488 2451 535 2514 ep.
560 2447 608 2510 25.
632 2457 659 2498 v.
683 2447 730 2510 58.
752 2451 889 2500 nassau.
980 2436 1024 2499 De
1056 2438 1139 2502 cursu
1161 2435 1264 2502 Sicoris

272 2537 439 2604 Hortensius
454 2536 491 2596 ad
512 2535 660 2598 Lucanum
674 2534 737 2596 ita:
762 2535 865 2596 Sicoris
881 2533 1069 2616 inPyrenaeis
1091 2531 1169 2620 jugis
1190 2555 1265 2598 ortus

272 2639 375 2699 labitur
387 2653 495 2719 praeter
518 2635 653 2709 Ilerdam,
673 2634 700 2693 fr
723 2632 830 2715 longuis
857 2635 976 2695 devetlus
997 2635 1025 2692 in
1039 2635 1187 2704 meridiem,
1207 2654 1266 2696 tart·

273 2741 331 2799 dem
352 2739 429 2799 Ibero
446 2729 579 2810 miscetur.
618 2733 724 2796 Plinius
737 2731 774 2794 H.
785 2733 823 2794 N.
835 2732 929 2818 [9111.
953 2752 978 2794 c.
1000 2751 1025 2810 3.
1048 2728 1193 2806 Ilerdenses
1210 2779 1218 2794 .
1237 2780 1246 2795 .

269 2836 356 2920 juxta
372 2855 438 2916 quos
454 2833 557 2894 Sicoris
564 2832 681 2911 fluvius.
715 2830 762 2893 ubi
779 2831 942 2894 Harduinus
961 2834 1055 2893 terte:
1085 2829 1265 2894 ilerdanunc

270 2936 386 3006 Laida,
402 2933 483 3005 juxta
499 2931 552 2990 Rio
567 2931 666 3012 Segre,
678 2929 726 3006 qui
737 2930 849 2990 Sicorin
893 2929 980 2991 Hunc
994 2930 1111 2992 fluvium
1133 2930 1266 3008 cogitaffe

272 3029 475 3107 Thucydidem
496 3041 577 3104 putat
593 3027 730 3088 Cellarius
747 3027 777 3088 L.
799 3027 837 3089 11.
855 3047 880 3092 c.
901 3047 927 3091 ι’.
954 3027 1021 3091 sect.
1045 3047 1070 3106 3.
1098 3048 1187 3106 quum
1213 3030 1267 3086 dat

248 3153 253 3160 «
271 3127 319 3185 ηδ
335 3123 441 3206 aaran&
463 3123 510 3180 ui
527 3129 547 3180 u
565 3123 669 3200 ’toneia
690 3125 807 3186 Sicanos
825 3125 935 3188 Siciliae
945 3127 1074 3190 deducit.
1097 3125 1132 3190 ln
1145 3127 1267 3192 Sicorim

272 3226 325 3289 tria
340 3223 464 3285 influunt
479 3223 596 3286 flumina
615 3223 693 3301 prius
714 3243 799 3302 quam
814 3223 873 3302 ipse
895 3243 961 3288 curn
976 3224 1059 3288 ibero
1074 3225 1164 3288 undas
1185 3247 1267 3290 com-

273 3324 408 3398 misceat,
429 3321 537 3386 scilicet
566 3324 689 3386 Nucaria
720 3321 908 3401 palliamus,
949 3322 1088 3387 'Nucaria'
1102 3324 1268 3402 Ripacurtia

277 3438 364 3502 atque
385 3421 492 3501 Cinga,
515 3421 602 3500 vulgo
627 3424 770 3506 Noguerra
786 3417 944 3502 Falleresa,
967 3424 1109 3508 Noguerra
1137 3423 1269 3504 Rr'bagor.

272 3547 342 3604 farra
367 3524 511 3606 &Seugru
554 3522 591 3586 0.
817 3561 819 3568 ,

680 3745 885 3860 ‘w
