2836 4718
259 227 339 328 328
482 243 690 316 uorsa·
720 247 1027 338 rauranum

263 465 267 476 ‚
299 401 445 480 Haemus)
468 425 495 466 v.
519 393 615 468 schir.
637 405 787 468 Theocriti
802 407 844 482 ,ad
863 407 945 487 ldyll.
965 409 1029 474 VII.
1044 432 1071 472 v.
1088 401 1247 490 ys'rupcs

257 491 321 570 lp&
345 497 444 570 &sisere
468 499 517 560 deri
541 503 588 558 ved
604 499 698 575 Ἄψον
728 505 774 563 res
792 505 874 578 Bepleu
889 515 913 580 ις
928 505 1072 576 'nussim
1102 508 1247 571 Enarrator

260 596 437 684 §ruquianus
458 603 494 664 ad
510 600 622 671 Horatii
650 603 682 666 l..
701 603 724 666 I.
745 603 794 668 od.
818 623 863 666 12.
887 625 914 667 v.
934 613 961 668 6.
992 607 1126 683 Haemo)
1168 625 1251 666 mame

262 698 400 766 Thraciae.
428 717 564 764 nasset..
661 703 701 764 Ut
720 703 806 764 refert
831 702 931 781 Pomp.
959 703 1039 766 lllela
1063 704 1093 766 I..
1111 704 1149 766 II.
1177 725 1201 766 c.
1221 724 1254 768 2.-

261 800 384 859 Haemus
406 800 556 868 meantum
576 801 730 863 altitudinis
751 803 827 873 atie,
863 820 895 865 ur
911 803 1050 862 Euxinum
1085 803 1112 864 δ’
1139 803 1252 863 Aeriam

260 919 295 956 ex
314 893 417 971 summo
441 901 538 959 vertice
559 903 685 982 ostendar.
721 901 862 964 Thraciae
888 901 1021 964 adscribit
1042 902 1101 980 ipse
1130 907 1157 964 dc
1180 907 1253 964 reste

262 997 386 1073 quidem.
412 998 490 1059 lllale
503 1015 603 1062 contra
624 1001 737 1062 Servius
754 1001 792 1060 ad
806 989 914 1078 Virgilii
932 1000 1035 1079 Georg.
1051 1001 1082 1063 L.
1102 1001 1125 1063 l.
1143 1022 1170 1061 v.
1185 1020 1253 1075 492.

178 1161 181 1168 ,
262 1093 393 1156 adscribit
411 1095 578 1164 Thessaliae.
603 1099 647 1160 De
670 1101 741 1160 mira
764 1102 869 1161 montis
890 1099 1040 1161 altitudine
1065 1100 1200 1161 audiendi
1227 1101 1256 1162 δὲ

257 1193 318 1256 'alii
353 1196 457 1258 Plinius
479 1197 510 1260 l..
530 1198 578 1260 IV.
600 1217 625 1260 c.
649 1219 694 1259 11.
717 1199 875 1261 &Salluus
894 1218 957 1276 cap.
986 1218 1033 1271 ις.
1057 1198 1106 1259 sex
1130 1198 1257 1261 millibus

265 1295 386 1358 arduum
404 1295 539 1361 scribunt.
571 1297 665 1358 Hodie
676 1297 789 1360 Eminet
810 1300 866 1381 dag
886 1297 1042 1372 salutatur,
1064 1301 1136 1359 item
1155 1300 1264 1357 cam,

268 1392 312 1452 des
336 1396 437 1454 mondo.
471 1394 532 1457 Alia
547 1398 664 1458 nomina
689 1385 767 1458 dabit
785 1396 921 1460 Orteliua.
955 1396 994 1459 Ut
1011 1397 1186 1456 Haemimons
1202 1417 1258 1460 una

267 1511 341 1553 voce
358 1494 499 1555 diceretur
521 1515 537 1554 a
561 1495 661 1571 Vibio,
686 1497 716 1556 id
732 1515 768 1556 eo
785 1495 894 1558 facilius
908 1495 1037 1558 accidere
1052 1497 1161 1574 potuit,
1178 1495 1258 1573 quod

268 1589 414 1668 posteriori
438 1611 510 1652 aevo
531 1593 680 1670 peculiaris
701 1595 848 1672 provincia
863 1596 902 1657 ita
924 1596 964 1657 est
989 1593 1147 1680 appellata;
1176 1595 1255 1657 unde

270 1694 298 1752 δι
325 1689 541 1752 Haemimontum
568 1694 643 1755 dieti.
667 1714 694 1754 v.
718 1693 746 1755 S.
767 1693 858 1756 Rufus
873 1695 903 1754 in
923 1693 1063 1755 breviario
1085 1714 1146 1772 cap.
1162 1713 1191 1768 9.
1208 1693 1258 1770 qui

269 1790 344 1850 inter
368 1787 416 1851 sex
432 1789 571 1853 Thraciae
589 1777 751 1870 prouincias
772 1792 986 1854 Haemimontum
1004 1793 1139 1860 recenset.
1161 1793 1200 1858 O.

313 1958 428 2036 Imaus)
454 1957 504 2016 ..orl
531 1955 631 2035 deyev.
653 1959 680 2014 el
703 1959 845 2024 τελευταῖον
872 1971 957 2022 vocas
975 1957 1072 2033 ”summ
1101 1959 1202 2026 Strabo
1227 1961 1262 2028 L,

272 2043 327 2124 §Il
349 2081 379 2138 p.
408 2081 475 2134 519.
500 2060 531 2136 ’ῐῇ
550 2056 639 2136 ’1νῖαῇ
666 2054 791 2133 gerusalem
813 2059 851 2122 cf.
872 2061 900 2121 8(
920 2058 951 2122 L.
970 2059 1037 2123 XV,
1068 2080 1098 2137 p,¹
1121 2067 1190 2134 689,
1219 2059 1263 2121 Ex

275 2178 332 2246 quo
353 2160 465 2238 repetiit
491 2157 595 2222 Plinius
616 2159 651 2226 I..
665 2158 712 2220 VI.
736 2179 763 2224 c.
785 2177 832 2236 17.
862 2159 1023 2225 Eustathius
1045 2161 1083 2220 ad
1096 2151 1291 2238 uionyfiun‘

272 2259 378 2339 perieg.
400 2278 426 2318 v.
453 2276 521 2333 717·
556 2256 650 2328 recipe
669 2257 716 2310 ms
740 2251 837 2329 ‘suspen
869 2261 896 2311 τὶ
919 2255 1014 2329 'spuo
1045 2256 1104 2318 esse-
1123 2256 1263 2335 perhibet.

273 2355 452 2438 Marcianum
475 2354 674 2416 Heracleotanr
691 2355 710 2414 sr
726 2355 876 2428 consulas,
895 2355 976 2418 India
992 2357 1028 2417 ad
1041 2356 1266 2434 septentrionem

278 2457 411 2544 definitur
438 2455 519 2521 imao
545 2468 661 2529 monte,
692 2457 772 2530 juxta
794 2455 1000 2533 superjacentes
1032 2454 1081 2516 irbi
1110 2457 1270 2533 Sogdianos

277 2561 305 2621 sc
330 2560 428 2621 Sacos.
448 2556 581 2634 Scythiae
599 2556 634 2615 ad
650 2555 761 2618 Imaum
784 2555 871 2632 usque
888 2569 1018 2618 montem
1034 2553 1181 2629 subjacent
1193 2555 1273 2616 Mar.

278 2659 377 2738 glana,
396 2656 556 2735 Sogdiana,
580 2656 677 2729 Secia,
700 2655 768 2716 teste
790 2654 977 2733 Agathemero
1005 2654 1035 2716 L.
1060 2653 1098 2718 ll.
1142 2674 1167 2718 c.
1190 2662 1218 2715 6.
1242 2654 1273 2716 Is

280 2779 347 2838 ergo
363 2759 457 2820 Imaus
478 2757 613 2830 indicus,
644 2756 692 2833 qui
720 2755 787 2814 inde
820 2753 915 2816 versus
938 2753 1144 2831 septentriones
1168 2755 1273 2831 jugum

278 2860 359 2926 suurn
383 2879 433 2936 per
451 2857 595 2936 Scythiam
621 2855 765 2936 protendit
787 2851 961 2932 longishme‚
985 2871 1071 2928 quam
1093 2870 1126 2918 ea
1153 2866 1276 2930 propter

278 2959 457 3021 Ptolemaeus
484 2959 513 3018 L.
533 2957 581 3017 Vl.
602 2945 663 3034 cap
686 2957 764 3027 14&
785 2973 829 3024 ις.
855 2954 883 3011 iu
900 2950 1045 3035 Scythiam
1070 2950 1144 3010 iutra
1169 2953 1196 3011 ἃ
1224 2969 1278 3038 ex.

279 3048 322 3122 'era
347 3059 458 3118 Imaum
482 3057 607 3134 partitur.
642 3055 706 3128 Jam
724 3053 770 3113 hic
794 3053 887 3111 omnis
907 3049 1001 3112 Imaus
1025 3046 1060 3109 ab
1084 3046 1177 3110 Iberia
1200 3048 1280 3109 Pon·

281 3157 337 3218 'tica
355 3154 456 3232 procul
472 3155 574 3230 distat,
603 3173 696 3230 neque
712 3153 748 3212 ad
767 3150 922 3228 Caucasum
944 3148 1003 3216 ullo
1024 3148 1112 3208 modo
1138 3149 1281 3224 pertinet.

282 3254 378 3318 Habet.
397 3268 494 3315 tamen
511 3253 599 3322 simile
615 3253 683 3329 quid
700 3237 874 3320 Boccacius‚
897 3251 977 3326 cujus
996 3246 1082 3310 verba
1099 3246 1186 3308 haec:
1203 3245 1283 3316 Ima.

284 3359 334 3435 bus
360 3355 443 3434 (lege
467 3355 581 3430 imaus)
601 3350 729 3412 orientale
747 3347 954 3433 promontorium
973 3347 1008 3428 syl
1023 3347 1058 3404 ab
1081 3345 1191 3406 Emodis
1204 3337 1285 3404 mori-

284 3457 356 3518 ribus
376 3456 404 3516 in
425 3476 496 3518 mare
516 3473 642 3516 oceanum
655 3446 686 3534 se
710 3447 815 3508 tollens.
837 3446 935 3509 Hausrr
958 3444 1029 3505 haec
1048 3461 1085 3506 ex
1101 3441 1183 3504 Plinii
1208 3441 1229 3502 l.
1249 3461 1282 3503 c.

285 3554 353 3619 dein
369 3556 466 3618 addit:
496 3556 580 3619 Sonat
596 3551 699 3633 quidem
718 3549 828 3610 lmabus
854 3544 952 3620 Jariea
974 3541 1069 3623 lingua
1091 3541 1200 3604 nivens:
1232 3561 1288 3600 ex.
1392 3585 1397 3591 .

251 3698 256 3719 .
284 3675 383 3719 tremus
407 3654 510 3738 quidem
529 3645 666 3731 Caucafits
688 3649 730 3730 est.
785 3647 864 3718 Haec
889 3657 985 3706 autem
1012 3641 1049 3702 de
1072 3639 1141 3702 falso
1171 3635 1289 3719 y'aslato

287 3754 411 3819 Caucaso
428 3745 613 3828 intelligenda
628 3747 708 3822 sunt,
720 3748 756 3807 de
772 3767 830 3826 quo
846 3744 928 3824 supra
943 3764 974 3822 p.
989 3761 1057 3820 304.
1081 3735 1187 3800 iberiae
1208 3739 1293 3798 Pon-

285 3855 356 3914 ticae
380 3870 490 3912 montem
516 3849 594 3911 idem
615 3847 768 3910 Boccacius
791 3866 826 3906 ex
847 3845 988 3922 corruptis
1011 3839 1109 3901 nostris
1138 3836 1292 3913 exemplis

284 3953 508 4014 Eminedimmum
532 3939 688 4028 nuncupat.
740 3945 818 4024 Quid
843 3963 909 4024 ergo
937 3943 974 4004 de
997 3937 1073 4004 Vibii
1093 3941 1159 4001 Ioco
1178 3935 1290 4002 statue·
