2798 4710
256 311 325 382 xit
629 277 684 400 ἑ
740 305 769 362 0
826 277 872 397 ᾧ

252 501 276 582 'a
302 503 372 562 tate
392 479 612 564 conferendi,
643 477 779 574 postea,
818 505 923 574 quam
949 481 1038 556 mihi
1071 491 1252 562 renuncia-

252 657 276 694 „
303 619 379 675 tum
400 598 466 682 est,
494 595 673 688 complura
698 595 737 665 in
756 595 919 668 Vibianis
936 593 1034 669 fuiffe
1058 600 1124 670 alia
1147 627 1253 675 manu

252 770 276 810 ω
302 711 487 804 adscripta,
508 710 729 781 collationem
756 711 787 779 dc
810 710 946 802 reliqua
977 713 1016 782 in
1044 713 1139 786 aliud
1169 733 1255 788 tem-

252 883 277 922 „
303 851 368 922 pus
380 819 574 906 reservare,
591 821 673 894 inde
687 823 808 894 lettori
826 823 868 894 ad
882 823 1072 898 editionem
1089 826 1184 922 quast
1198 855 1256 902 co.

253 1005 276 1042 „
301 939 480 1013 collarium
498 937 622 1014 addere
648 937 761 1007 multo
781 938 897 1008 malui.
938 937 1061 1009 Habeo
1080 941 1146 1010 alia
1165 945 1254 1015 mul·

252 1109 275 1146 ,‚
301 1071 355 1135 ta,
376 1074 465 1144 quae
489 1046 712 1143 proferentur
753 1031 987 1160 conjundiim,
1020 1049 1047 1124 st
1071 1055 1143 1127 vita
1174 1051 1255 1148 sup.

253 1217 278 1252 υ
304 1180 409 1258 Petet·
437 1213 461 1252 υ

305 1361 462 1435 Multum
477 1359 596 1456 augeri
618 1355 708 1453 poffe
727 1353 816 1434 hanc
835 1351 976 1453 seriem,
999 1379 1040 1435 eo
1057 1360 1173 1437 minus
1188 1359 1251 1438 du-

252 1469 435 1548 bitandum
453 1490 559 1567 puto,
585 1474 681 1567 quod
703 1478 742 1547 in
767 1474 947 1549 recensitis
967 1477 1146 1549 codicibus
1168 1473 1251 1550 scri-

251 1594 321 1685 ptis
346 1586 527 1661 desiderari
563 1586 650 1660 mihi
684 1585 861 1675 videntur
887 1587 959 1672 illi,
998 1614 1150 1683 quorum
1185 1571 1250 1683 ope

195 1758 199 1764 -
252 1705 419 1777 Simlerus
438 1698 652 1774 &Heffclius
670 1701 712 1774 ad
724 1703 877 1775 Vibium
894 1702 1068 1776 edendum
1085 1700 1166 1776 sunt
1184 1703 1248 1777 usi.

253 1821 344 1892 Sunt
367 1833 484 1888 autem
504 1818 662 1909 quinque

305 2019 361 2085 16.
385 1993 440 2101 1¹7.
470 2012 616 2085 Codices
639 1995 728 2100 duo,
755 2013 871 2088 collati
887 2039 906 2086 a
924 2011 1088 2094 Simlero,
1114 2029 1155 2085 ut
1178 2007 1249 2108 ipse

253 2144 394 2208 monet3
422 2125 515 2198 unde
538 2129 726 2220 acceperit,
757 2129 941 2200 incertum.

306 2334 361 2408 18.
391 2322 533 2406 Codex,
549 2309 896 2418 cujus'discrepantia
913 2323 986 2394 loca
1000 2319 1108 2394 Hudr.
1125 2319 1250 2394 Relan-

254 2437 318 2511 dus
342 2461 421 2511 cum
442 2433 592 2511 Heffelio
617 2440 899 2510 communicavit.
990 2433 993 2440 ’

308 2653 364 2722 19.
395 2633 517 2708 Codex
526 2629 658 2722 *Jacobi
677 2632 799 2717 Remi,
822 2635 861 2705 in
879 2630 1079 2705 membrana
1101 2627 1249 2724 scriptus

253 2753 287 2824 dc
309 2747 419 2823 aNio.
440 2746 585 2821 Heinfio
610 2750 768 2822 Danielis
788 2746 862 2820 filio
889 2770 970 2819 cum
991 2745 1144 2817 editione
1174 2742 1250 2812 To-

253 2861 368 2936 losana
388 2865 544 2936 collatus.
616 2864 696 2935 Hoc
715 2862 831 2934 labore
854 2851 1090 2928 animadversa
1114 2852 1157 2923 ad
1179 2847 1249 2923 sese
1305 2849 1307 2854 ’

253 2973 470 3050 transmififfe
485 2976 523 3048 P.
541 2977 804 3054 Burmannum,
827 2969 969 3042 testatur
991 2963 1173 3041 Haffclius.

303 3189 362 3248 20.
389 3165 595 3244 Heinsrunae
619 3172 838 3252 collationis,
855 3166 958 3240 credo
974 3164 1136 3238 eumalio
1156 3182 1249 3257 quo-

254 3286 332 3360 dem
344 3284 461 3358 codice
470 3281 659 3367 institutae,
669 3287 851 3374 ᾰπόγμφον,
867 3275 1249 3354 ebibliothecaGudia-

253 3425 299 3474 na
311 3417 506 3496 acceptum,
540 3395 689 3472 Heffelio
703 3396 848 3472 tradidit
856 3393 938 3485 Joh.
958 3393 1035 3468 Alb.
1052 3389 1246 3465 Fabricius.
