2780 4712
265 353 345 438 ¹50
384 356 386 362 ·
474 347 660 434 uorsa
717 347 1042 418 vaarou‘um

261 507 355 585 Tigris
376 505 504 572 scribitur
527 508 605 586 apud
623 504 794 572 Strabonem
824 506 858 574 L.
890 527 915 571 e.
944 529 974 590 p.
995 529 1064 588 529.
1128 512 1264 592 Niphatis

262 620 361 670 contra
384 608 475 668 amnis
499 605 573 680 soli,
602 606 680 686 quod
703 605 807 680 fciam,
833 611 936 684 poetae
963 610 1130 672 meminere.
1174 612 1263 690 Virgi.

172 723 175 731 ·
260 703 315 766 lius
332 705 435 784 Georg.
460 705 491 770 L.
512 704 563 768 lll.
590 725 617 766 v.
638 723 684 781 30.
699 705 836 766 Horatius
858 705 889 768 L.
912 706 949 770 ll.
967 709 1025 770 ode
1041 729 1069 784 9.
1096 709 1181 774 Silius
1198 708 1259 776 leat.

261 800 294 866 1.
316 802 399 867 Xlll.
420 823 447 865 v.
468 812 536 882 7⁶4.
561 805 631 867 item
644 801 814 875 somnust.
841 823 867 868 o.
902 807 941 874 Ο.

348 957 350 960 ’
419 937 426 1002 s
671 965 852 1056 ()muhus

238 1228 241 1232 ,
303 1163 378 1227 Eum
405 1183 465 1225 non
481 1163 612 1231 Panormi
636 1161 686 1225 sed
714 1167 753 1221 ab
776 1168 819 1224 eil
850 1165 893 1226 nir
921 1165 1014 1228 alatur
1040 1167 1143 1243 ποῖφμλν
1176 1185 1261 1241 vocat

260 1263 394 1342 Polybius
413 1263 445 1327 L.
461 1263 483 1325 Ι.
507 1281 533 1328 e.
560 1283 610 1337 40.
625 1281 719 1340 neque
733 1264 884 1339 nominat;
907 1263 990 1326 famili
1010 1268 1099 1330 modo
1117 1269 1261 1336 Diodorus

261 1357 293 1425 L.
312 1361 462 1430 XXlll.c.
483 1383 531 1436 4ο.
557 1361 653 1427 Hodie
669 1359 834 1445 l'amr'raglio
868 1362 1000 1440 salutari,
1031 1369 1129 1428 audior
1145 1370 1184 1430 est
1196 1371 1264 1433 Clu-

259 1463 354 1524 verius
372 1463 427 1528 Sic.
445 1476 502 1524 ant.
525 1460 554 1522 t.
569 1459 608 1525 ll.
634 1480 660 1524 c.
677 1480 702 1536 3.
733 1449 860 1524 Ortelius
880 1481 916 1522 ex
934 1463 1065 1525 Leandro
1082 1463 1165 1542 fiune
1180 1471 1213 1534 da
1231 1468 1262 1528 la

259 1559 393 1642 muroglia
416 1561 510 1621 vocari
532 1557 632 1620 allerit.
665 1559 836 1636 suppeditat
858 1580 926 1640 ergu
958 1563 1024 1630 heic
1049 1564 1132 1626 nobis
1159 1565 1262 1630 Vibius

259 1658 341 1727 fluvii
366 1679 494 1732 numen,
512 1658 651 1720 inditium
672 1657 742 1719 aliis.
762 1659 867 1738 Estque
888 1660 919 1722 id
946 1680 982 1721 eo
1010 1663 1098 1740 magis
1114 1663 1260 1739 nrirubile,

212 1764 215 1769 '
262 1759 339 1834 quod
358 1775 438 1829 verus
461 1757 536 1825 Orati
553 1776 662 1836 nomen
682 1756 827 1837 hodieque
857 1759 978 1828 retinere
1004 1779 1120 1830 amnem
1144 1761 1262 1824 testatur

261 1855 320 1918 Ser.
341 1856 475 1927 Castalius
495 1856 537 1920 Pr.
558 1857 593 1917 Τ.
610 1856 653 1924 lll.
679 1855 894 1924 Panormitauus
918 1857 997 1941 ipse,
1029 1860 1161 1940 adeoque
1186 1861 1261 1924 tellis

260 1954 505 2020 luculenrilfrmus.
523 1975 550 2017 v.
570 1953 678 2034 proleg.
696 1958 757 2031 ejus
773 1957 809 2018 ad
834 1956 919 2022 inscr-
937 1958 993 2028 sie.
1024 1965 1090 2040 pag.
1118 1958 1259 2030 XXVlll.

260 2058 310 2117 ubi
328 2058 356 2116 in
375 2056 441 2117 NN.
474 2055 739 2122 Panormitanorum
773 2056 930 2122 monstrum
962 2053 1105 2128 biforme,
1155 2055 1262 2120 t'cilicet
1380 2135 1381 2140 ἵ

244 2154 526 2219 'taurumhumana
553 2154 627 2216 facie
653 2155 817 2233 infiguem,
856 2153 1017 2234 symbolum
1045 2153 1131 2230 ipfrus
1157 2154 1262 2215 Orethi
1380 2161 1381 2196 l

258 2251 339 2312 fluvii
355 2250 409 2312 effe
430 2251 525 2316 docet.
570 2250 604 2320 ln
621 2253 754 2332 Hispania
777 2255 900 2318 Oretum
926 2252 1088 2330 oppidum,
1139 2251 1261 2324 Oretani
1380 2297 1381 2308 .

257 2350 400 2430 populus,
422 2351 559 2418 Oretania
580 2353 658 2442 regio
679 2369 757 2428 nota.
801 2353 838 2415 Ο.

625 2543 648 2596 ⁰
686 2517 829 2609 (laxes

227 2699 230 2702 ’
268 2705 273 2798 ’γ
298 2711 407 2778 Multas
426 2715 495 2780 fecit
514 2717 611 2786 Oaxes
630 2713 775 2783 turbellas.
845 2713 907 2794 Ego
934 2711 1035 2794 sequor
1054 2714 1262 2780 austeritatem

257 2813 329 2894 ling.
353 2817 481 2877 Politiani
498 2815 615 2879 miscell.
641 2835 667 2882 c.
692 2834 738 2895 ῃ.
772 2812 798 2890 J.
822 2811 856 2874 L.
880 2814 917 2874 de
943 2812 971 2874 la
986 2812 1078 2876 Gerda
1099 2813 1135 2873 ad
1151 2812 1261 2890 Virgilii

257 2912 311 2974 ecl.
337 2913 359 2974 l.
381 2935 407 2974 v.
433 2923 481 2975 66.
501 2917 569 2978 Chr.
588 2914 699 2979 Cellarii
721 2914 755 2976 G.
783 2914 815 2980 a.
836 2912 867 2976 L.
888 2912 925 2982 ll.
943 2930 968 2974 c.
999 2933 1044 2986 ¹4·
1066 2915 1093 2976 dt
1119 2911 1263 2988 abosum,

256 2999 304 3086 q'ui
325 3010 432 3071 flumen
455 3011 511 3083 hoe
528 3015 628 3076 Cretae
644 3033 704 3078 non
719 3011 927 3087 abjudicarunt.
974 3012 1017 3080 De
1042 3012 1125 3086 Creta
1153 3012 1264 3086 etiam,

255 3105 349 3168 srtibi
367 3111 554 3172 commodum
572 3111 630 3182 est,
653 3110 786 3189 expende
815 3112 916 3177 testem
936 3109 1086 3177 Barthium
1112 3112 1144 3172 in
1173 3112 1262 3176 anim.

133 3206 137 3212 '
257 3206 294 3267 ad
314 3207 501 3269 Claudianum
524 3207 591 3278 bell.
611 3209 725 3272 Gildon.
761 3230 788 3275 v.
818 3229 864 3286 ³¹·

302 3307 411 3382 Varro)
434 3307 538 3374 Utrum
554 3308 594 3370 ut,
621 3309 749 3372 Terentii
769 3309 901 3370 Varronis
928 3306 1170 3390 fragmentorum,
1190 3324 1264 3384 quae

249 3403 408 3482 ·complura
444 3406 541 3480 funt,
576 3407 747 3476 collectione
786 3407 843 3469 lroc
884 3405 1078 3484 fragmentum
1119 3406 1152 3468 stt
1185 3423 1266 3466 com·

257 3502 447 3581 prehensum,
470 3525 525 3568 nec
547 3527 601 3581 ne,
625 3529 685 3568 non
703 3521 786 3568 vacat
802 3510 862 3583 jam
886 3508 1039 3584 inquirere.
1085 3505 1197 3574 Etenim
1226 3503 1267 3565 ad

256 3622 289 3664 ea
309 3605 447 3683 quaedam
464 3607 501 3667 de
523 3608 621 3669 Servio
638 3608 704 3669 addi
724 3605 821 3686 polle,
849 3605 964 3667 reflatur
985 3605 1017 3665 in
1045 3604 1136 3682 prima
1167 3601 1267 3662 fronte

256 3703 297 3766 sui
313 3705 482 3784 exemplaris
500 3707 611 3784 (Durd.
636 3707 752 3784 ¹⁶¹9·)
775 3703 987 3768 Broukhufrus:
1019 3702 1049 3762 id
1066 3720 1145 3763 nunc
1165 3718 1267 3762 meum

256 3801 304 3862 est.
348 3807 404 3866 Sed
425 3804 569 3881 justilllme
585 3805 685 3868 tribuit
701 3805 857 3869 Politianus
880 3805 956 3864 hanc
969 3799 1109 3876 naufragii
1135 3797 1266 3860 tabulam

256 3897 287 3962 P.
309 3899 446 3965 Terentio
478 3905 596 3966 Varroni
615 3903 761 3980 Atacino;
800 3924 858 3985 quo
879 3903 963 3986 suget
995 3903 1083 3979 pobta
1112 3896 1267 3976 diligenter

260 3998 317 4076 egit
341 4001 483 4080 Gyraldus
505 4005 543 4066 de
558 3991 636 4084 poet.
655 4004 752 4068 histor.
771 4005 876 4084 dialog.
900 4001 948 4065 lV.
969 4016 1118 4094 pagana.
1141 3993 1268 4060 Voffiuf·
