2800 4716
354 295 356 303 ’
470 327 540 386 nn
600 325 826 388 nonrrs
916 325 917 328 ‘
1057 320 1134 424 363

142 485 319 567 Dyrrachio,
352 483 399 544 reli
418 485 579 566 propofitum
601 500 685 544 tenere
709 507 761 546 non
786 486 898 568 potnit,
923 483 1042 564 seeundo
1074 490 1140 570 restes

142 583 266 664 constitit,
290 584 360 642 edito
386 585 465 658 loto,
498 583 545 663 'qui
565 581 720 663 appellatur
749 585 849 660 Petro,
882 589 1036 671 aditumque
1061 594 1141 654 hahet

141 684 258 742 navibus
281 682 452 756 mediocrem,
483 699 562 761 atque
590 701 637 738 eos
664 703 683 738 a
708 677 866 761 quibusdam
888 689 1005 770 protegit
1030 693 1142 767 nentis,

143 781 230 861 eastra
255 781 405 842 communit.
431 781 526 842 Hodie
552 798 619 842 eum
636 777 733 842 locum
758 799 867 842 nornen
896 783 1002 846 habere
1032 790 1143 860 tacti,

143 879 231 940 refert
256 881 351 957 Niger.
378 881 474 942 Petrae
491 897 599 939 nomen
625 879 773 956 permultis
792 880 923 958 oppidis,
954 904 1026 960 quae
1044 905 1144 949 recen.

144 976 186 1042 set
205 971 351 1055 Ortelius,
366 980 422 1043 fuit
434 997 612 1047 commune,
635 977 731 1054 edito,
750 993 782 1040 ut
794 978 932 1056 arbitror,
943 980 1009 1044 loco
1026 984 1091 1047 litis.
1103 987 1140 1047 Ο.

545 1143 740 1247 Quirinus
832 1166 851 1237 ’,

190 1340 277 1402 Varro
301 1343 337 1405 de
351 1343 382 1406 L.
400 1342 431 1406 L.
450 1340 483 1404 L.
503 1340 553 1406 lv,
573 1362 598 1404 n
617 1354 645 1412 8.
675 1341 761 1402 Collis
780 1339 954 1422 Quirinalis,
975 1344 1021 1404 nbi
1036 1344 1146 1425 Quirini

141 1434 260 1517 fanum;
281 1443 327 1524 qui
343 1466 362 1501 a
383 1441 546 1516 Curetibus,
568 1441 614 1522 qui
637 1462 696 1499 eum
721 1442 750 1502 T.
781 1441 859 1500 Tatio
882 1426 996 1516 Curibus
1021 1461 1147 1504 veneritne
1173 1479 1175 1486 ·

149 1540 280 1616 Romam,
306 1540 433 1622 quodibi
452 1540 709 1622 habuerunteostra.
740 1539 858 1604 Festuse
893 1535 1046 1618 Quirinalis
1067 1541 1148 1601 collis

147 1635 211 1696 olim
230 1639 359 1732 ,peponus
379 1637 569 1720 appellabatur
596 1656 676 1708 ante,
708 1658 788 1718 quam
809 1638 838 1698 in
867 1641 925 1696 eum
949 1641 1149 1722 commigrarent
1218 1679 1227 1694 ι

149 1735 263 1811 Sabim,
277 1737 390 1796 Caribus
411 1738 543 1808 veniemes
559 1737 621 1820 post
635 1733 733 1811 hredun
756 1737 825 1796 inter
837 1736 978 1796 Romulum
995 1739 1021 1797 h·
1042 1739 1149 1798 Tatium

149 1831 248 1910 ilium,
285 1858 304 1894 a
325 1856 376 1916 quo
397 1837 468 1896 hanc
489 1834 694 1918 appellationem
721 1830 837 1911 firmitus
859 1836 920 1918 ess;
943 1837 1067 1916 quamtis
1090 1817 1150 1897 exi·

143 1934 249 2015 fliment
272 1935 403 2016 quidam,
439 1935 512 2015 quod
531 1935 569 2007 in,
586 1957 615 1994 eo
629 1931 734 2016 fielium
753 1937 792 2015 fit
814 1935 940 2016 templum
964 1920 1150 2013 Quirino‘itd

151 2033 257 2094 ditium.
282 2033 351 2094 Urbi
373 2053 440 2096 eunt
455 2049 584 2096 montem
599 2035 705 2108 adjecit
728 2033 843 2098 Servius
863 2033 985 2096 Tullius.
1006 2055 1033 2097 v.
1051 2035 1155 2098 Livius'

150 2131 185 2198 L.
203 2131 226 2193 1.
261 2151 288 2216 c.
310 2153 360 2207 44.
400 2134 496 2195 Hodie
530 2133 580 2210 ipfi
611 2153 718 2196 nomen
747 2133 788 2194 est
822 2153 839 2196 a
870 2133 980 2195 duabus
1008 2151 1150 2210 equorum

151 2231 265 2302 statuis,
292 2231 374 2312 prisci
396 2235 425 2295 ἃ
446 2232 543 2294 eximii
565 2233 678 2310 operis,
712 2230 735 2290 il
759 2249 844 2292 monte
867 2230 981 2290 caballo
1004 2229 1149 2294 salutatur.

152 2331 228 2394 Scite
255 2333 400 2410 depictum
434 2331 515 2394 dedit
535 2351 627 2410 nuper
656 2329 811 2395 Piranefius
832 2331 864 2392 in
892 2343 1150 2396 monumentorum

152 2427 351 2495 Romanorum
371 2432 484 2496 tabulis.
518 2431 556 2495 O.

551 2590 754 2709 Rhodope

195 2793 364 2858 Scholiastes
386 2790 535 2855 Theocriti
554 2789 590 2852 ad
612 2789 700 2868 edyll.
723 2788 787 2852 VII.
809 2809 837 2852 v.
861 2794 909 2868 7⁶·
947 2777 1052 2861 ‘Artena
1087 2790 1153 2870 ipo»

155 2893 255 2971 Θρᾴκης
280 2893 330 2949 tt'tti
357 2891 426 2965 Αῗμκ
456 2891 489 2946 ‘tri
511 2889 583 2963 Bople
611 2895 635 2962 ²9
663 2885 808 2957 Ὠμθίῖως.
836 2895 861 2961 ²ss
892 2887 906 2949 ti
940 2884 1041 2949 ‘Poiltrn
1069 2889 1155 2962 ipeo'tpe

154 2992 220 3071 ipo
244 2996 288 3054 τῆς
311 2988 427 3071 Θρᾴκης,
448 2997 473 3064 tp
492 2987 528 3048 ἔτι
551 2987 562 3044 ὅ
582 2985 675 3049 ”nom
714 2987 827 3051 Servius
849 2984 885 3047 ad
912 2985 1020 3065 Virgilii
1037 2991 1089 3048 ecl.
1103 2987 1152 3050 VI.

155 3093 226 3158 vers.
254 3113 302 3169 30.
331 3091 458 3171 Rhodope
477 3083 665 3166 frisinariae)
693 3089 803 3147 Montes
829 3086 975 3161 litaniae,
1014 3087 1043 3146 in
1059 3086 1157 3167 quibus

155 3193 279 3274 Orpheus
300 3183 471 3264 consueverat
496 3207 596 3249 canere.
621 3188 657 3248 ad
683 3187 737 3252 ecl.
762 3184 843 3248 VIII.
861 3183 931 3247 vers.
947 3207 999 3260 44.
1035 3183 1155 3263 Ismarus

155 3287 206 3352 ene
223 3291 373 3370 Rhodope)
398 3287 511 3348 Montes
530 3287 658 3346 Thraciae
677 3282 823 3369 asperrimi.
848 3286 926 3346 &ad
942 3274 1044 3363 Georg.
1060 3283 1154 3348 LIII.

156 3388 227 3454 vers.
258 3407 325 3466 351.
352 3388 467 3466 Quoque
488 3386 560 3448 redit
576 3385 689 3444 medium
712 3385 839 3465 Rhodope
852 3385 971 3465 porreila
983 3379 1155 3461 fieb-axem)

158 3495 224 3572 Qua
243 3489 368 3569 Rhodope
391 3505 465 3544 mons
489 3483 616 3545 Thraciae
631 3501 772 3565 protentus
804 3482 832 3541 in
853 3481 1006 3540 orientalem
1025 3481 1159 3564 plagam,

160 3589 335 3652 Gammaides
359 3589 388 3646 in
409 3581 640 3668 septentrionalem
660 3581 807 3660 refleiiiteir.
835 3601 863 3642 v.
890 3581 1043 3643 &Probus
1067 3582 1105 3642 ib.
1129 3584 1158 3642 ἃ

156 3689 337 3769 Porphyrion
353 3687 499 3760 &norom
512 3685 582 3748 item
600 3682 778 3759 Ctuquianus
794 3691 938 3741 enarrator
954 3680 989 3740 ad
1006 3679 1158 3740 Horatium

157 3791 190 3853 L.
210 3789 261 3852 111.
285 3787 333 3848 od.
363 3804 412 3860 25.
429 3806 457 3847 v.
475 3805 504 3860 9.
523 3787 551 3845 δι
569 3801 614 3844 12.
646 3781 717 3843 item
739 3779 867 3842 Lutatius
893 3779 930 3840 ad
958 3778 1039 3841 Statii
1059 3776 1156 3864 Theo.

157 3889 190 3952 L.
209 3888 244 3950 II.
272 3907 301 3952 v.
323 3897 371 3956 81.
397 3887 425 3948 δι
450 3885 486 3944 ad
509 3883 541 3951 L.
563 3882 597 3945 V.
618 3901 647 3947 v.
671 3869 737 3950 188-
770 3875 855 3941 Porro'
881 3877 1161 3944 videnduaSeneca

160 3991 191 4050 in
212 3987 299 4055 Herc.
326 3986 394 4049 Oet.
423 4001 451 4047 r.
479 3993 567 4062 1538·
598 3984 625 4044 ἃ
653 3979 737 4042 Silius
760 3977 792 4043 L.
816 3977 854 4041 ΙΙ.
881 3997 910 4042 v.
936 3996 982 4057 73.
1020 3990 1160 4044 nasset..
