2830 4716
278 274 355 358 218
524 287 708 348 noran
767 287 1088 353 vnntonoir

501 487 611 576 AD
690 485 1049 578 FONTES

444 817 447 836 ι
659 713 875 828 Aganippe

316 899 429 966 Servios
454 899 491 960 ad
511 895 620 976 Virgilii
642 895 703 960 Eel.
732 899 773 962 X.
795 920 821 959 v.
848 919 896 962 12.

772 1019 835 1057 narn
855 1019 938 1079 neque
966 1000 1049 1062 Pindi

403 1095 473 1156 Ulla
500 1115 600 1164 moram
622 1090 728 1174 ficere,
750 1115 832 1176 neque
854 1097 946 1156 Aonia
968 1099 1123 1182 Aganippe.

274 1215 333 1278 sta,
353 1211 494 1294 Agm'ppe
518 1209 552 1290 ess
564 1204 632 1288 sons
658 1209 804 1284 Boeotiae,
833 1231 901 1291 quae
923 1210 950 1271 6·
976 1213 1069 1276 Aonia
1096 1213 1200 1274 dicitnr
1225 1261 1234 1278 .
1268 1263 1277 1278 .
1400 1213 1401 1216 Ἰ

277 1310 461 1374 Callimachus
491 1307 650 1391 Aganippea
685 1303 789 1391 flantem
811 1303 872 1385 effer
884 1309 952 1370 dicit
989 1309 1112 1388 Penneffi
1140 1313 1281 1390 flaminis.

278 1423 415 1472 nassa.
502 1405 555 1467 Ista
577 1406 614 1467 de
629 1404 806 1468 Callimacho
828 1408 933 1486 repetit
955 1409 983 1472 ἃ
1007 1407 1166 1472 scholiastes
1194 1425 1282 1473 vetos

276 1507 313 1571 ad
331 1504 501 1580 Juvenalem
527 1504 583 1566 Sat.
608 1502 671 1568 Vll.
695 1525 723 1568 v.
741 1511 770 1570 6.

692 1622 770 1673 eant,
798 1599 908 1681 desertis
932 1607 1089 1693 Aganippes

408 1699 553 1772 Vallibus,
577 1693 693 1778 esuriens
720 1701 896 1786 migraretin
926 1707 1001 1765 atria
1025 1707 1096 1774 ctio,
1157 1742 1162 1762 .

277 1829 396 1895 Interim
415 1826 496 1922 locps
514 1823 573 1904 ipse
592 1823 730 1905 Cyrenaei
751 1825 869 1901 Poetae,
898 1829 947 1905 qui
976 1829 1008 1890 in
1036 1849 1123 1908 opere
1152 1832 1280 1910 quodam

277 1929 362 2010 ipsios
383 1928 420 1988 de
437 1925 530 1990 fluviis
548 1925 652 1989 Suidae
674 1927 762 1988 citato
781 1925 902 1987 extitisse
923 1927 1055 2003 videtur,
1085 1949 1163 1998 nunc
1185 1930 1225 1991 est
1248 1932 1280 1991 in

278 2027 445 2106 deperditis.
478 2046 507 2086 v.
523 2025 591 2087 edit.
610 2023 776 2104 Spanhemii
790 2044 853 2103 pag.
882 2044 940 2102 354
958 2028 986 2088 δι
1006 2045 1075 2102 4²2·
1099 2027 1177 2090 Inter
1188 2028 1281 2092 Boeo.-

277 2125 449 2190 taetantes
469 2125 615 2202 Aganippe
635 2124 796 2188 recensetur
817 2144 834 2186 a
859 2122 947 2186 Plinio
969 2125 1000 2188 1..
1022 2125 1072 2188 IV.
1094 2146 1119 2188 c.
1139 2145 1166 2204 γ.
1187 2123 1282 2206 fantes

279 2223 461 2304 inBototia‚
494 2222 658 2304 Oedipodia,
686 2215 855 2299 Pfhnaatlte,
889 2222 993 2298 Dirae,
1028 2223 1179 2304 Epierene,
1213 2227 1285 2284 Are·

212 2330 242 2388 ,i
258 2324 260 2328 ’
279 2316 379 2402 thafia,
404 2320 591 2402 Hippocrene,
623 2319 781 2408 Aganippe,
819 2321 988 2404 Gargaphie,
1018 2320 1069 2383 ubi
1100 2321 1136 2384 ab
1168 2321 1282 2399 Hippo·

177 2417 179 2426 ⁴
279 2438 366 2484 arene
387 2419 584 2496 distinguitur,
606 2419 852 2498 quemadmodum
883 2423 911 2482 &
931 2419 1008 2498 apud
1026 2419 1156 2482 Sosinum
1168 2419 1199 2480 in
1224 2439 1279 2498 po·

280 2517 340 2602 lyh.
362 2538 389 2582 e.
410 2537 455 2582 ra.
484 2515 654 2601 Intelligitut
672 2519 762 2594 inde,
782 2519 924 2586 Ovidium
939 2517 1043 2582 Pastor.
1081 2517 1112 2582 L.
1142 2517 1178 2581 v.
1201 2537 1231 2581 v.
1252 2535 1281 2593 7.

280 2616 330 2687 ubi
348 2619 389 2682 ita
411 2617 507 2681 illusas
520 2619 659 2684 invocat:

405 2743 522 2817 Dicite,
544 2764 612 2826 qaae
628 2739 721 2824 flantes
738 2702 930 2825 Aganippidos
954 2709 1137 2823 Hippocrenes

450 2845 538 2904 Grata
561 2836 704 2926 Medufiaei
719 2842 799 2925 figna
823 2841 918 2900 terretis
943 2840 1012 2921 eqtti.

281 2988 341 3030 non
359 2967 394 3028 e'o
411 2967 506 3029 dicere
522 2966 728 3045 Aganippidem
753 2965 974 3046 Hippocrenen,
1011 2963 1089 3044 quod
1114 2981 1164 3026 eos
1186 2962 1283 3049 fontes

282 3087 335 3146 pro
356 3086 414 3128 uno
430 3065 592 3142 eodemque
620 3063 757 3136 haberet,
795 3064 837 3126 uti
858 3065 970 3142 putavit
985 3061 1059 3124 Rob.
1073 3061 1237 3150 Stephanps
1252 3061 1284 3121 in

283 3161 353 3226 thes
375 3163 407 3228 L.
428 3162 462 3226 L.
484 3160 532 3224 sed
549 3162 641 3262 quod
665 3161 730 3226 loco
761 3161 850 3225 essent
882 3162 978 3226 vicini.
1036 3161 1080 3223 tid
1110 3159 1285 3222 Heliconem

283 3273 403 3340 uterque
418 3259 560 3326 manabat.
584 3260 628 3324 De
645 3261 793 3341 Aganippe
804 3260 951 3324 Pausanias
964 3262 994 3323 in
1003 3259 1147 3326 Boeoticis
1154 3280 1217 3338 cap.
1231 3275 1281 3336 2¹9.

282 3359 321 3419 'En
335 3359 445 3419 Ἐλικοῗιι
466 3357 493 3418 ii
513 3361 568 3435 reple
595 3361 623 3415 ai
647 3356 740 3426 aila&
759 3359 813 3424 ia'a'la
836 3361 885 3415 nair
910 3373 1039 3419 Mevania,
1072 3383 1093 3415 rr
1118 3380 1216 3436 aptetpqt
1238 3380 1287 3430 para
1403 3429 1404 3434 1

283 3462 297 3524 i
317 3455 460 3528 'saansaan
490 3453 569 3524 aas.
601 3460 740 3540 Nympha
760 3459 848 3521 fontis
866 3459 1041 3536 Aganippea,
1066 3457 1170 3518 eodem
1188 3452 1285 3533 gavisa

284 3559 419 3633 nomine,
455 3555 594 3620 Termeslr
615 3557 662 3620 vel
679 3557 811 3620 Permessi
831 3557 930 3619 forsan.
942 3557 1044 3632 fluvii,
1068 3557 1105 3617 de
1129 3573 1185 3633 quo
1201 3551 1287 3631 supra

284 3677 348 3738 pag.
373 3663 440 3718 161.
468 3654 525 3716 filia
546 3655 627 3718 fuisle
639 3656 750 3731 fertur,
772 3656 876 3718 eodem
899 3658 1015 3718 auclore
1045 3653 1187 3717 Pausania.
1240 3651 1286 3713 lld

285 3755 488 3818 declarandum
521 3767 640 3832 etymon
664 3758 824 3834 Aganippes
848 3754 917 3816 facit
947 3754 1049 3816 citatus
1073 3750 1172 3816 Ovidii
1194 3748 1287 3812 locus.

161 3909 163 3913 .
285 3853 416 3940 Scilicet,
440 3866 472 3915 u't
492 3853 587 3915 Festus
610 3853 712 3927 refert,
738 3848 861 3936 Pegafits
878 3874 953 3934 qaam
970 3849 1072 3930 fhntem
1099 3851 1151 3910 isla
1172 3848 1290 3931 tragulae

284 3954 405 4034 aperuit,
438 3951 595 4034 appellatas
617 3953 650 4034 est
673 3951 849 4034 Hippocrene.
875 3950 965 4014 Simili
983 3950 1071 4012 modo
1092 3950 1239 4027 Aganippe
1251 3943 1288 4006 ab
