2836 4718
251 282 357 386 2⁶⁴·
492 273 703 364 vorti·
735 231 1050 360 viltronum

464 521 1034 611 nouenonn

293 723 453 790 Nemorum
478 723 527 788 illa
544 724 633 788 morlo
660 721 761 786 Vibius
787 721 890 786 afferre
915 720 1030 784 videtur
1055 716 1153 780 secum
1179 736 1256 792 cura.

251 821 387 904 (sirtille,
410 841 483 903 quae
501 823 624 898 Numini
647 823 761 886 cuicum
779 821 854 900 sacra
871 820 970 898 client.
1011 835 1038 882 s.
1059 833 1179 890 oto1x.

653 988 844 1102 Angitiae
925 993 931 1004 '

294 1168 441 1255 Angitiae)
468 1171 503 1234 ln
521 1169 619 1234 Marsis
639 1169 774 1249 collocari
791 1167 878 1240 debet
902 1165 960 1244 hoc
981 1186 1110 1246 nemus,
1142 1163 1163 1244 li
1191 1163 1255 1242 ullo

253 1270 366 1346 prorsus
389 1271 477 1332 modo
492 1271 664 1360 intelligatur
676 1271 754 1331 mihi
769 1269 902 1352 Virgilius
924 1269 992 1332 Aen
1010 1267 1043 1330 L
1061 1265 1124 1329 Vll
1137 1287 1164 1329 v
1182 1284 1256 1348 759.

385 1368 424 1427 Te
444 1391 534 1428 nemus
549 1370 695 1460 Angitiae,
716 1369 803 1446 vitrea
818 1387 844 1430 te
859 1367 980 1431 fucinus
994 1367 1091 1444 unda,

260 1477 262 1484 '
342 1477 345 1488 ’
385 1465 534 1548 Peliqrtidr'
547 1463 647 1548 flevere
667 1469 756 1531 lacus.

258 1561 393 1642 ejusque
385 1581 562 1646 interpretes.
583 1589 608 1640 v
621 1566 703 1630 Cluv.
712 1567 774 1630 Ital
787 1579 847 1632 ant
858 1565 890 1630 L.
901 1563 940 1633 ΙΙ
950 1565 1013 1632 MS.
1025 1563 1097 1628 Rev.
1111 1559 1256 1646 Angitiae

258 1661 396 1726 litasset.
465 1657 569 1732 Hunc
585 1664 683 1738 locum
697 1671 774 1729 resie
792 1667 963 1729 sanavimus.
1008 1663 1109 1728 Vibius
1137 1662 1262 1723 varicta-

259 1769 319 1820 tem
342 1760 497 1840 vocabuli,
524 1766 602 1843 quod
619 1766 738 1844 Virgilio
755 1786 789 1830 ac
811 1767 911 1832 Servio
930 1765 1067 1853 Angitia,
1096 1761 1164 1826 Silio
1186 1780 1261 1832 vero

257 1871 343 1937 atque
360 1861 459 1926 Solioo
479 1863 615 1946 scriptum
630 1881 690 1928 erat
710 1863 864 1949 Angustia,
882 1865 1009 1928 indicare
1028 1861 1137 1934 voluit,
1163 1872 1196 1935 ut
1215 1861 1260 1936 ju·

259 1959 338 2023 dicat
359 1961 508 2026 Cluverius
530 1963 593 2026 ital.
612 1967 677 2028 Ant.
696 1965 727 2028 L.
747 1963 785 2037 IL
822 1983 848 2026 c.
874 1983 919 2036 ις.
952 1960 1078 2025 Ortelius
1106 1957 1261 2021 hariolatus

260 2073 337 2132 etat,
358 2062 488 2144 Angitiae
503 2061 668 2142 legendum.
690 2063 754 2138 Jam
770 2083 807 2125 ex
826 2061 941 2145 Angitia
959 2059 1137 2143 librariorum
1165 2057 1261 2120 homi-

235 2203 237 2207 .
263 2175 335 2217 num
350 2159 458 2232 inscitia
480 2164 604 2225 monstra
619 2164 668 2225 illa
680 2162 816 2245 Anginiae
837 2162 965 2238 itemque
985 2157 1113 2240 Angitiae
1138 2157 1261 2234 peperit.

266 2255 355 2330 Quod
381 2259 521 2320 Lucaniae
550 2261 684 2336 adscribit
713 2262 770 2326 hoc
796 2277 918 2340 nemus,
937 2255 1100 2318 manifestus
1126 2255 1167 2316 est
1187 2273 1265 2324 error

265 2355 370 2428 unitri3
394 2357 422 2416 ni
443 2360 466 2420 is
485 2357 592 2442 scripsit
611 2363 652 2422 aa
669 2363 800 2428 Fucinum
825 2361 916 2436 (nam
931 2356 967 2417 ad
986 2353 1169 2433 occidentale
1190 2353 1264 2417 latus

265 2449 367 2531 Fucini
386 2455 486 2537 lacus
478 2479 501 2522 rs
520 2459 601 2525 lucus
630 2461 696 2524 litus
721 2461 805 2536 erat)
826 2457 874 2519 vel
904 2454 992 2522 simile
1021 2455 1109 2533 quid,
1137 2473 1175 2516 ex
1206 2473 1265 2532 quo

267 2550 335 2616 dein
355 2555 518 2622 confertum
539 2561 570 2621 id
591 2561 737 2622 Lucaniae.
772 2559 887 2620 Servius
909 2556 946 2618 ad
965 2535 1124 2632 VirgiliiL.
1143 2552 1206 2615 Vll.
1234 2571 1264 2615 v.

268 2667 339 2730 tto·
365 2655 624 2739 lintiniacum,
648 2680 734 2738 quern
760 2658 843 2726 metti
872 2654 966 2720 caulia
993 2653 1119 2716 nemoris
1146 2652 1267 2713 nomine

268 2753 404 2818 masiaiit
422 2755 528 2833 Poeta,
552 2757 587 2839 in
604 2760 726 2822 Medeae
747 2757 890 2819 honorem
919 2755 958 2818 src
983 2753 1134 2816 salutatum
1165 2750 1263 2810 refert.

270 2849 435 2913 Menenios
458 2843 547 2919 autent
563 2856 637 2924 circa
653 2859 784 2918 Futurum
805 2855 982 2928 habitantes,
1016 2873 1082 2935 quos
1112 2848 1202 2910 docuit
1225 2869 1267 2907 re.

191 3040 195 3045 ·
252 2949 359 3014 mdia
381 2969 473 3012 contra
498 2952 654 3046 stipenres,
679 2957 754 3044 islam
785 2947 925 3031 nontinaffi
950 2931 1112 3038 Angitiam,
1148 2947 1183 3005 ab
1214 2952 1271 3019 eo

270 3045 414 3132 quodque
435 3040 597 3113 servitutibus
614 3035 748 3137 serpentes
764 3069 898 3137 angerent.
955 3049 1102 3115 Fabellam
1123 3044 1274 3112 declarant
1320 3094 1322 3100 ,

271 3141 355 3213 Silius
375 3145 491 3212 Italicus
512 3150 544 3213 L.
561 3141 639 3216 Vlll.
666 3173 693 3216 v.
716 3173 783 3229 too.

397 3275 499 3334 Aeetae
513 3274 616 3356 prolem
634 3276 775 3360 Angitiam
803 3273 879 3335 mala
901 3273 1024 3360 gramina
1034 3271 1151 3355 primam

398 3370 582 3456 Monstraviffi
594 3372 706 3454 ferant,
726 3375 848 3456 taliaque
863 3363 970 3434 domare
993 3391 1115 3447 venena,

399 3471 441 3549 Er
461 3471 554 3534 lunam
575 3457 706 3556 ettuffiffl
723 3473 808 3557 polo,
840 3448 1000 3554 sliidorr'bus
1026 3490 1118 3529 amnes

330 3605 334 3614 .
402 3571 580 3643 Frenantetm
608 3595 642 3632 ac
652 3573 734 3653 filvis
748 3588 848 3632 montes
864 3564 973 3647 nudaffe
991 3569 1109 3632 votarm

279 3695 307 3774 §t
327 3695 441 3760 Solinus
459 3697 488 3758 in
505 3695 604 3775 polyh.
626 3715 689 3774 cap.
711 3707 740 3773 8.
757 3695 807 3759 ubi
825 3695 886 3772 s¹⁰l
913 3695 943 3760 0.
957 3692 1064 3766 Casius
1080 3692 1165 3752 Oetae
1191 3688 1280 3768 (lege

278 3796 400 3874 Aeetae)
424 3812 479 3856 tres
489 3793 570 3873 filias
594 3795 754 3876 Angitiam,
780 3796 907 3872 Medeam
933 3792 1071 3864 &Circen
1092 3786 1176 3870 suiffe
1202 3790 1283 3853 dicit.

282 3891 375 3967 ¹‚Circen
406 3894 530 3954 Circaeos
556 3887 675 3969 infidiffi
698 3911 818 3972 montes,
842 3892 988 3960 connitum
1021 3875 1164 3968 maleficiis
1186 3888 1287 3951 varias

280 3991 424 4075 imaginm
432 3988 527 4070 flecier
548 3993 721 4069 mentientem.
774 3991 919 4076 Angitiam
940 3990 1033 4054 vicina
1059 3987 1165 4050 Fucino
1202 4004 1287 4046 cetra
