2800 4716
268 303 351 388 410
490 301 674 367 ιιοτιι
730 299 1047 368 ιιιιοιιιιιι

264 481 358 535 terum
384 439 492 526 Marsos
511 453 590 527 cum‘
605 461 746 534 Vestinis,
776 459 965 535 Marrucinis,
990 459 1136 540 Pelignis,
1156 459 1259 541 Aequis

266 569 294 628 δι
331 565 462 626 Hernicis
495 562 621 640 ejusdem
643 558 724 623 foisse
741 559 869 638 generis,
894 559 1044 624 Cluverius
1069 561 1260 622 demonstrare

266 661 392 742 satagit.-
419 662 457 728 Ο.

715 777 832 864 Medi

308 977 463 1052 Pontiae)
488 975 549 1038 MS.
584 973 713 1036 lirrociae
730 995 790 1038 non
812 975 894 1036 bene.
913 973 950 1036 ef.
972 973 1105 1038 Lucanus
1130 974 1162 1037 I..
1181 974 1260 1039 VIII.

267 1099 296 1142 r.
315 1089 384 1152 298·
402 1089 538 1139 flesset.
625 1071 667 1134 Ita
691 1094 780 1150 quum
799 1073 959 1150 judicarer,
979 1093 1038 1148 non
1052 1057 1263 1152 cogit'abas,mi
1286 1075 1289 1080 ’

266 1173 390 1250 Helseli,
416 1173 452 1236 de
469 1171 582 1240 Maedis
597 1170 735 1236 Thraciae
760 1171 874 1250 populis
905 1171 1066 1237 sermonem
1092 1167 1175 1234 Vibio
1206 1171 1262 1234 tile

267 1274 355 1356 polle.
379 1274 419 1336 Ut
446 1273 524 1333 enim
546 1283 606 1331 non
623 1289 687 1338 eaor
709 1271 837 1345 inicias,
861 1269 946 1349 plana
961 1269 1017 1333 eise
1037 1274 1133 1332 omnia
1160 1274 1189 1332 dr
1215 1289 1264 1332 ex·

267 1374 386 1442 tricata,
409 1367 545 1448 salegast
568 1368 647 1428 Medi
678 1369 806 1436 Parthiae
832 1367 1039 1450 proximi,ita
1065 1381 1265 1432 tamencum·

268 1470 362 1536 munis
378 1466 546 1548 scriptorum
566 1465 704 1530 librorum
725 1466 877 1533 consensus
899 1466 1007 1542 efficit,
1024 1481 1056 1538 ut
1077 1469 1212 1544 rejectam
1226 1467 1264 1529 ab

268 1565 392 1636 Helielio
430 1564 584 1631 tentonem
613 1585 673 1628 non
704 1566 817 1654 prorius
850 1565 1038 1644 spernendam
1082 1566 1263 1640 existimem,

269 1668 375 1751 quippe
392 1684 463 1744 quae
479 1665 623 1746 egregium
654 1663 766 1740 sensum
793 1679 878 1744 queat
900 1657 1059 1740 admittere.
1090 1663 1227 1730 Scilicet
1220 1685 1264 1726 rn-

268 1764 312 1827 fra
333 1765 492 1846 Pangaeum
514 1755 681 1828 Thraciae
670 1777 826 1853 montem,
844 1765 882 1828 de
897 1783 955 1842 quo
978 1761 1061 1843 supra
1092 1783 1156 1843 pag
1178 1783 1216 1842 32
1233 1765 1264 1826 dr
1376 1761 1377 1766 ’

273 1883 341 1954 357.
364 1864 441 1942 regio
460 1861 516 1928 suit
538 1860 678 1924 Maedica.
704 1861 742 1926 ef.
768 1863 865 1926 Livius
881 1863 913 1926 L.
930 1863 1028 1926 XXV.
1046 1884 1071 1926 c.
1097 1883 1146 1939 25.
1177 1865 1206 1924 tr
1228 1861 1264 1930 L.

140 2025 144 2032 .
269 1963 333 2032 XI.
351 1983 378 2030 c.
396 1981 444 2034 ιι.
462 1963 490 2026 tir
508 1959 684 2034 Ptolemaeus
706 1961 738 2024 l..
757 1961 808 2029 III.
823 1982 849 2030 c.
875 1981 923 2028 ιι.
940 1961 1054 2029 Incolae
1072 1962 1140 2028 diui
1150 1959 1267 2029 Maedi.

253 2060 401 2142 ‘Polybius
419 2079 481 2122 exc.
503 2059 533 2124 L.
552 2059 591 2124 X.
617 2080 643 2125 e.
670 2071 716 2138 38,
741 2055 798 2121 corle
816 2057 1015 2140 arpeo-epri‘ilmfi
1031 2057 1177 2137 Μακεδονίᾳ
1193 2059 1267 2139 Θριῖ-

270 2165 360 2230 ιιιςιῂ
388 2152 490 2228 piaroo
511 2151 569 2218 eoric
589 2152 702 2232 Maiiam
733 2156 850 2229 ἐπιβιλιὶι
871 2155 940 2229 inter
962 2160 1002 2220 sie
1026 2155 1196 2231 iptssraaoiriue
1224 2158 1281 2214 iai

267 2269 331 2318 Μαι
297 2251 422 2310 teritio»
424 2254 486 2318 ci.
510 2253 657 2318 &Plinius
681 2255 712 2320 l..
734 2255 804 2342 IV.
803 2277 831 2320 c.
856 2275 903 2323 11.
935 2259 963 2319 dr
998 2255 1161 2333 Stephanus
1191 2255 1264 2334 Byz.

158 2436 159 2439 J
269 2351 371 2430 Itaque
390 2348 484 2412 verius
502 2351 705 2440 Macedoniam
734 2353 782 2416 fita
796 2355 851 2418 suit
870 2355 1026 2425 Maedica,
1047 2369 1079 2420 ut
1099 2373 1166 2436 ergo
1181 2353 1268 2418 facilc
1376 2365 1377 2384 ¹

268 2448 366 2514 Maedi
390 2441 517 2514 ,Thraciae
535 2450 654 2532 proximi
681 2451 738 2516 dici
757 2455 905 2535 potuerint
924 2443 1017 2518 Vibio.
1042 2455 1071 2516 Si
1094 2455 1157 2532 quis
1181 2473 1270 2532 repo
1376 2443 1377 2494 l

154 2615 157 2621 ,
268 2561 336 2618 nat,
359 2531 482 2614 Maedos
506 2539 722 2630 diphthongo,
749 2554 848 2614 Medos
871 2553 946 2616 Vibii
979 2553 1097 2634 simplici
1120 2553 1270 2616 elemento
1376 2549 1377 2562 ¹

155 2643 163 2666 ”
269 2648 410 2728 exprimi,
438 2647 672 2726 respondebimus
687 2631 796 2726 statim,
817 2652 893 2731 apud
909 2651 1087 2716 Aristotelem
1108 2652 1144 2714 de
1157 2651 1263 2714 mirab.
1376 2643 1377 2680 ³

270 2747 381 2814 aud&
404 2748 480 2826 apud
502 2747 671 2811 Strabonem
690 2769 804 2832 quoque
833 2750 866 2813 L.
890 2749 952 2814 VII.
979 2771 1007 2830 p.
1037 2757 1103 2830 316.
1144 2749 1270 2812 eandem

269 2845 411 2912 scribendi
437 2845 576 2922 sormam„
610 2865 759 2910 erroneam
780 2847 916 2924 forsitan,
956 2847 1143 2928 deprehendi.
1188 2847 1268 2910 Dein
1376 2899 1377 2902 ,

250 2940 454 3022 ‘cogitandum
473 2945 531 3020 est,
549 2944 636 3016 libros
657 2947 766 3008 nostros
788 2945 863 3010 Vibii
884 2947 1003 3030 scriptos
1020 2967 1056 3010 ex
1076 2967 1111 3009 eo
1129 2947 1189 3008 fere
1212 2945 1283 3010 effe
1376 3013 1377 3016 ,

270 3060 364 3115 aevo,
391 3061 448 3118 quo
464 3043 793 3123 diphthongorunrusus
813 3046 965 3124 exulabat,
985 3049 1118 3112 reduiius
1133 3047 1268 3120 demum,
1376 3115 1377 3130 ,

272 3155 327 3206 ocu
351 3139 504 3219 novimus,
540 3127 768 3245 diphthongandi
791 3160 850 3212 arte
871 3147 988 3227 Guarini
1007 3123 1183 3227 Veronensrs.
1228 3145 1273 3210 Ο.

690 3323 847 3415 Morini
920 3319 927 3348 .

301 3513 357 3577 nu
383 3513 531 3592 Virgilium
552 3520 622 3586 ll'en.
647 3521 679 3589 I..
698 3519 778 3586 VIII.
805 3544 834 3587 ι.
863 3541 934 3604 727.

396 3615 483 3676 Exere
470 3617 568 3698 emique
588 3620 721 3682 hominum
741 3621 870 3698 Morini,
899 3611 1070 3704 Rieari'sque
1078 3617 1204 3688 bicornis.

272 3709 405 3778 Servius:
428 3714 551 3794 Morini)
573 3711 708 3800 Populi
696 3740 725 3778 ur
747 3719 823 3782 Gall·
813 3735 856 3781 rat
870 3720 991 3799 finibus,
1025 3721 1072 3803 qui
1104 3718 1276 3782 Britanniam
1376 3687 1377 3778 l

159 3847 160 3850 =
267 3803 404 3894 spadone,
414 3815 532 3894 proximi
557 3817 673 3879 Oceano.
696 3830 839 3885 nassau.
925 3819 1050 3883 Effatum
1064 3817 1139 3881 Vibii
1163 3837 1276 3879 nomen
1376 3779 1377 3902 J

236 3907 364 3992 ipsunt
388 3909 519 3976 declarat
542 3915 663 3992 Morini,
687 3917 799 3995 prorsus
819 3930 852 3984 ut
870 3920 1025 3990 Arrrrorr'ot,
1044 3938 1064 3980 a
1088 3916 1201 3982 Celtico
1218 3937 1278 3977 mor
1376 3903 1377 3926 ¹
