2836 4718
430 323 505 396 au
565 324 818 400 antonne
1065 311 1145 436 27‘9

146 495 331 576 respondent.
355 493 488 559 Attamen
510 495 593 558 tertia
615 493 657 558 sui
679 509 758 574 parte
779 500 806 560 ἃ
825 495 947 578 amplius
963 485 1146 566 isStrabonie'

145 591 271 659 calculus
299 613 395 656 veram
425 593 564 673 paludum
597 593 780 658 iilaeoridum
808 595 970 662 mensuram
1011 601 1142 680 superat,

145 713 220 772 quae
240 693 348 756 ambitu
367 692 418 756 suo
448 696 497 755 vix
524 691 598 756 ultra
628 693 751 757 ducenta
772 693 904 758 milliaria
935 699 1144 777 complectitur.

144 791 246 870 ltaque
258 791 359 855 Strabo
374 791 417 854 isti
437 793 536 856 novies
550 791 629 854 mille
639 793 855 872 hexapodarum
867 795 956 873 spatio
969 817 1046 860 mare
1066 797 1144 861 luto·

147 891 210 954 sum
229 891 315 971 vulgo
337 891 425 976 gniloe
449 913 518 954 more
540 891 680 964 includit,
703 893 781 971 quod
805 894 919 972 proprie
939 915 990 972 pro
1015 895 1075 959 finu
1095 917 1145 976 pa.

147 989 223 1054 ludis
245 991 417 1067 Maeotidis,
442 993 491 1071 qui
516 992 676 1071 nonaginta
694 991 823 1054 milliaria
855 993 963 1057 ambitu
997 993 1047 1056 iuo
1075 1013 1145 1056 con·

146 1091 237 1164 tinet,
262 1090 429 1154 habendum
443 1091 491 1154 est.
508 1091 659 1172 Distinguit
672 1091 790 1169 quidem
807 1090 940 1154 laudatus
960 1091 1148 1183 Geographua
1252 1115 1253 1118 ¹

146 1191 310 1255 Maeotidas
330 1190 449 1269 paludes
474 1211 490 1254 a
508 1190 600 1254 lutoso
622 1191 713 1264 mari,
744 1189 791 1252 cui
810 1189 908 1265 carpeia
929 1187 1014 1264 λίμνης
1039 1211 1149 1253 nomen

150 1290 296 1364 attribuit,
337 1290 450 1369 prorius
481 1303 552 1354 uta
581 1289 704 1354 Tartaris
737 1289 881 1366 hodieque
908 1287 1149 1373 relatui-degam

151 1389 211 1450 irre
229 1389 374 1468 putridum
393 1407 472 1453 mare
496 1387 625 1459 dicitur,
640 1387 770 1466 illudque
786 1371 910 1466 quatitur
922 1387 1075 1450 stadiorum
1086 1387 1149 1450 mil.

150 1485 189 1550 lia
205 1487 236 1548 in
258 1489 376 1551 circuitu
394 1487 500 1550 habere
520 1485 652 1552 traditi.
668 1487 732 1552 v11.
750 1507 779 1565 p.
804 1499 871 1566 308.
896 1506 996 1550 verum
1017 1487 1066 1550 hic
1088 1486 1148 1550 loci
1230 1543 1232 1547 .

151 1607 213 1650 non
234 1587 284 1649 niir
301 1585 424 1651 lutosum
447 1604 524 1650 mare
546 1587 637 1650 solum
667 1602 802 1666 tanquam
831 1601 941 1664 partem
967 1586 1149 1649 lilaeotidum

150 1687 266 1754 lacuum
286 1687 462 1763 confident,
492 1686 560 1750 alibi
584 1707 685 1750 omnes
705 1685 787 1750 srmul
822 1670 1041 1764 complectitur,
1073 1686 1085 1740 ὅ
1120 1681 1150 1742 li

105 1861 110 1872 ,ἱ
152 1783 257 1861 clpam
285 1788 330 1848 aaa
366 1782 452 1858 λίμνης
476 1781 582 1852 nimos
614 1789 668 1850 &c
699 1805 728 1865 p.
752 1803 820 1862 3¹0·
868 1783 1020 1876 Caeterum
1053 1780 1152 1860 plures

114 1903 117 1910 ⁴
151 1884 314 1966 Gcographi
331 1885 513 1948 Maeotidum
536 1884 652 1952 lacuum
684 1883 875 1947 multitudinis
900 1885 1021 1945 numero
1049 1879 1148 1948 menri,

122 2010 124 2016 ·
151 2001 231 2048 nere.
259 1986 305 2051 Sic
335 1983 440 2048 Plinius
473 1983 506 2049 L.
524 1983 651 2048 XXVII.
682 2003 708 2046 c.
730 2003 756 2044 1.
796 2005 815 2044 a
840 1981 962 2058 Maeotis
988 1979 1149 2063 paludibus.

153 2085 214 2162 Qui
237 2082 378 2162 periplum
403 2083 507 2146 Euxini
525 2085 626 2162 ponti,
664 2082 782 2144 Arriano
809 2081 966 2156 tributum,
1004 2077 1148 2153 confecit,

150 2184 279 2247 cundem
295 2182 434 2246 ambitum
454 2181 579 2246 Maeotia
597 2181 749 2262 paludibus
767 2179 918 2256 adscribit,
942 2197 1027 2257 quern
1038 2175 1149 2240 Strabo.

152 2305 182 2348 v.
204 2282 305 2362 peripl.
323 2303 351 2362 p.
372 2283 486 2360 r3r.ad
505 2281 577 2350 calc.
599 2285 664 2344 rati.
688 2281 795 2343 Arrian.
817 2279 863 2341 ed.
884 2277 980 2342 Blanc.
998 2274 1150 2354 Dionysius

156 2395 257 2449 contra
280 2381 454 2460 Byzantinus
471 2399 621 2464 perperam
643 2381 680 2442 ad
693 2381 751 2443 duo
770 2378 924 2442 stadiorum
942 2375 1031 2436 millia
1049 2373 1151 2436 circuit

152 2493 217 2544 turn
236 2480 318 2543 istum
340 2479 487 2558 restringit.
513 2501 540 2543 v.
562 2466 765 2558 Weiselingius
791 2479 828 2542 ad
850 2475 1029 2541 Herodorum
1050 2473 1082 2539 L.
1097 2471 1146 2535 ill.

152 2600 179 2648 c.
204 2587 233 2643 6.
277 2595 303 2640 e.
322 2591 448 2664 heitom.

195 2677 266 2740 Non
286 2678 325 2738 ita
343 2674 418 2736 male
429 2673 560 2750 Scythiae
575 2675 701 2741 vindicat
717 2672 895 2736 Maeotidem
917 2671 1071 2751 Sequeitet.
1104 2669 1150 2731 nd

153 2776 302 2856 Scythiam
323 2777 431 2854 quippe
455 2773 547 2836 latiori
566 2773 647 2838 sensu
675 2777 765 2836 tratta
794 2771 832 2832 eit
856 2776 884 2834 da
909 2770 979 2832 olim
1002 2768 1156 2842 Sarmatia,

152 2874 230 2942 Dein
253 2875 417 2954 frequenter
439 2888 573 2949 veteres,
597 2873 646 2936 ubi
663 2872 700 2934 de
718 2870 869 2936 Maeotide
899 2867 1004 2949 palude
1027 2866 1153 2945 loquun«

151 2987 221 3052 tur,
241 2974 272 3036 in
290 2974 406 3054 Scythia
422 2972 527 3038 locant.
551 2973 597 3036 Sic
615 2971 720 3036 Plinius
734 2972 800 3039 loco
821 2989 890 3032 mox
906 2980 1065 3032 memorato
1080 2967 1151 3046 Sey-

152 3075 255 3140 ahicam
276 3073 382 3135 herbam
402 3095 421 3133 a
442 3072 564 3132 Maeotis
579 3071 757 3156 paludibus.
786 3116 826 3138 ..
838 3068 945 3154 portari
963 3061 1062 3146 affinia,
1104 3065 1153 3130 Sia

152 3171 307 3254 Dionyfius
330 3169 389 3250 ipse
404 3171 510 3252 perieg.
538 3191 566 3234 y.
597 3179 651 3250 ¹⁶3
674 3171 731 3252 seq.

154 3307 162 3330 a
279 3295 332 3354 Teii
356 3303 380 3370 a)
401 3299 456 3371 πρὶς
482 3289 563 3369 βορέην
589 3290 748 3361 Martiali&
772 3283 849 3358 idatio
868 3292 954 3365 λίμνης

278 3391 445 3468 'Frynixaiw
466 3394 500 3474 τῇ
523 3391 567 3468 pria
591 3417 619 3450 τι
643 3395 706 3462 πέμ
732 3389 836 3458 zadiar
862 3388 1053 3468 ripamariycaiirtt,

278 3489 376 3570 ΙἈνῖρις
399 3485 544 3571 inopiam,
589 3493 694 3551 uatem
717 3491 744 3552 ii
770 3487 859 3566 pritpa
886 3485 984 3557 ssiriov,
1023 3525 1025 3535 ι
1065 3570 1068 3576 ἱ

153 3619 212 3685 llic
226 3637 295 3697 ergo
313 3618 387 3698 circa
409 3617 586 3682 Maeotidem
606 3615 739 3697 paludem
753 3613 872 3695 Scythae
897 3611 1033 3677 habitailc
1045 3623 1150 3682 narrat.

155 3718 203 3780 Sic
223 3735 308 3794 porro
335 3716 468 3796 Scythica
482 3718 580 3800 stagna
593 3715 765 3780 :Mamuda
788 3712 947 3776 Columella
967 3725 1061 3776 vocat.
1095 3713 1153 3786 Sin,

156 3814 261 3876 utalia
286 3815 415 3888 mittam,
440 3815 470 3875 in
490 3814 586 3881 tabula
610 3831 723 3892 quoque
745 3812 965 3888 Theodosiana,
1005 3810 1061 3874 ubi
1081 3808 1154 3875 haee

155 3913 253 3977 lacum
274 3913 340 3975 sistit
360 3913 559 3989 Maeotidena,
581 3913 720 3990 adscripta
739 3911 805 3975 sunt
825 3913 892 3972 ista:
916 3904 994 3988 fhffia
1011 3903 1090 3988 satta
1108 3895 1160 3990 per

77 4023 81 4032 ·
154 4011 251 4087 seruos
273 4007 371 4086 scurar
391 4057 401 4075 .
424 4055 433 4075 .
456 4031 509 4074 um.
554 4010 648 4074 Credo
668 4011 823 4088 legendum
847 4007 990 4072 Statariam
1012 4027 1066 4087 pro
1089 4009 1160 4090 Sryf

702 4111 764 4184 Se
