2836 4718
289 344 369 427 314
512 331 698 392 uorrn
755 303 1096 392 vnnrorrum'

284 517 335 558 non
354 489 501 556 emanire
517 491 544 551 (a
563 491 645 572 quafi'
660 507 721 548 euru
740 488 834 569 aliquo
854 491 960 550 numine
978 485 1010 568 se
1027 493 1148 574 ostentat.
1173 496 1283 578 Corycfi

284 595 357 658 antri
374 591 537 669 jucunditas
566 589 644 651 aliud
667 587 755 666 longe
771 586 957 666 gratiffimum
975 591 1006 650 in
1029 593 1198 656 memoriam
1215 597 1285 662 mihi

284 708 420 760 revocat,
443 689 520 767 quod
545 687 684 766 superiori
707 707 786 750 anno
802 687 877 750 duce
900 685 955 750 cel.
978 687 1100 750 Pistonio
1116 691 1284 770 lllaffiliensr,

283 795 347 856 viro
373 793 403 850 in
427 785 596 864 indagandis
623 801 741 848 naturae
760 785 845 848 rebus
870 786 956 863 longe
983 787 1166 854 versatissimo
1195 796 1223 855 dr
1244 794 1284 856 so-

231 926 238 936 ·
283 887 448 960 lertiffimo‚
469 884 547 947 haud
567 884 669 962 procul
692 885 817 948 nlaffilia
844 883 933 949 invisi.
968 885 1091 948 Rolandi
1113 905 1227 953 antrum
1245 892 1284 953 lo·

198 989 203 998 '
284 1008 378 1068 quor,
395 986 432 1046 ad
451 984 530 1061 quod
558 1003 609 1060 per
637 983 790 1047 LXXVll.
808 984 1026 1060 hexapodarum
1046 985 1168 1064 spatium
1190 991 1285 1054 ascen·

282 1088 411 1154 dendum
430 1083 478 1146 est.
511 1082 567 1148 Ubi
585 1101 636 1160 per
656 1082 806 1161 angustum
830 1083 962 1146 foramen
989 1086 1158 1158 intraveris,
1190 1089 1278 1153 CXV.

281 1187 447 1265 hexapodas
472 1183 558 1260 longa
594 1180 653 1244 sese
671 1181 772 1260 specus
794 1181 902 1258 aperit,
936 1183 965 1242 in
998 1203 1054 1259 qua
1075 1186 1203 1263 undique
1241 1188 1282 1248 di-

282 1284 451 1351 verfiss'rmae
477 1283 587 1344 formae
613 1298 734 1356 corpora
755 1299 792 1340 ex
815 1280 1015 1342 decidentibus
1038 1285 1126 1360 guttis
1139 1285 1283 1364 coagulata

282 1385 421 1450 relucent.
464 1380 515 1442 l'er
534 1379 557 1440 C
574 1380 682 1455 pedum
710 1375 832 1455 spatium
866 1399 956 1456 quum
984 1381 1186 1460 descenderis,
1212 1386 1284 1446 dune

282 1485 434 1550 columnae
460 1478 590 1550 adstant,
619 1497 689 1559 quas
717 1478 858 1544 stalsdlioo
876 1495 964 1555 opere
987 1475 1083 1542 sedula
1108 1499 1206 1544 natura
1235 1501 1283 1546 ex.

280 1581 388 1648 citarit.
431 1579 475 1639 De
499 1594 617 1638 nemore
633 1575 755 1657 Corycio
781 1590 894 1654 praeter
915 1575 1045 1638 laudatos
1074 1580 1194 1640 conferri
1222 1601 1282 1642 me·

281 1699 379 1746 renunt
395 1677 508 1742 Curtius
531 1675 562 1738 L.
587 1673 638 1736 lll.
658 1694 683 1736 c.
702 1697 731 1748 4.
757 1674 870 1740 Solinus
891 1695 918 1738 o.
939 1687 988 1751 38.
1019 1678 1143 1740 Nonnus
1174 1679 1282 1758 Diony.

282 1783 346 1846 fiac.
367 1779 398 1841 L.
412 1777 437 1841 1.
451 1797 478 1838 v.
488 1786 558 1849 258.
572 1772 764 1852 Apollodorus
783 1776 814 1834 in
831 1773 1009 1840 Bibliotheca
1028 1776 1060 1840 L
1074 1775 1096 1839 l.
1110 1797 1136 1843 c.
1155 1784 1184 1843 6.
1198 1775 1283 1840 Urbis

282 1885 434 1958 &portus
449 1873 570 1952 appoliti
588 1873 719 1935 meminit
738 1872 844 1934 Plinius
881 1874 912 1936 L.
940 1873 973 1934 v.
1006 1893 1032 1940 o
1055 1893 1106 1952 27.
1142 1877 1284 1956 Juxtaque

281 1999 352 2040 mare
377 1975 493 2054 Corycos
516 1973 604 2032 rodem
623 1973 724 2036 nomine
745 1973 870 2058 oppidum
891 1972 1031 2060 &porrus
1051 1973 1078 2036 d·
1096 1969 1206 2056 sperus.
1238 1974 1281 2042 Ad

280 2075 355 2141 illud
377 2073 503 2151 speciant
525 2072 636 2132 nummi
655 2083 869 2128 murmurosi
893 2073 971 2150 apud
990 2071 1135 2138 Golzium.
1159 2073 1231 2135 ltem
1250 2075 1281 2136 in

280 2172 406 2236 nummis
421 2169 471 2230 sel
509 2171 539 2228 in
567 2187 632 2230 aere
656 2167 776 2230 maximi
802 2169 913 2233 moduli
943 2189 960 2232 e
987 2171 1086 2234 museo
1116 2174 1215 2239 franc.
1245 2175 1283 2234 de

182 2275 193 2284 ““
281 2273 386 2347 Camps
407 2268 530 2330 occurrit
550 2265 686 2354 percusos
714 2264 766 2327 sub
793 2267 942 2332 Valeriano
979 2281 1197 2331 serratorum
1220 2281 1284 2331 ΑΣῐ

280 2369 368 2448 (nav)
392 2378 576 2437 Narnuxrc,
615 2364 664 2441 qui
685 2365 798 2444 egregie
821 2370 848 2428 dr
870 2367 946 2430 urbis
972 2369 999 2430 dr
1026 2381 1127 2446 portus
1146 2367 1284 2444 praelian-

279 2472 348 2534 tiam
376 2463 519 2537 declarat,
546 2467 573 2526 dr
597 2465 633 2526 ad
660 2461 745 2526 ludos
771 2464 953 2543 Proserpinae
985 2469 1012 2528 dr
1038 2465 1150 2530 cultum
1179 2465 1284 2528 Bacchi

279 2569 409 2636 avicina
433 2561 527 2627 forsan
549 2562 626 2642 Nysa
644 2578 796 2640 acceptum
818 2563 942 2642 respicit.
986 2565 1030 2627 nd
1051 2566 1173 2626 eandem
1193 2565 1282 2642 perti-

279 2685 330 2732 net
353 2668 453 2731 urbem
474 2666 505 2724 in
526 2662 650 2728 concilio
667 2663 885 2741 constantinop.
904 2664 926 2726 1.
955 2663 1111 2726 Germanus
1137 2663 1284 2745 Coryceu.

232 2765 235 2774 ⁴
279 2769 314 2834 lis
337 2787 374 2828 ex
397 2763 688 2844 prouincia-Ciliciae.
717 2763 750 2824 ln
772 2761 829 2824 tab.
861 2763 1062 2825 Theodoliana
1095 2761 1199 2839 legitur
1230 2759 1286 2822 co,

280 2866 361 2930 νέοιο.
379 2863 475 2926 Hodie
495 2862 596 2925 Coruclr
614 2863 670 2924 dici
692 2860 824 2927 all'erunt.
841 2861 1018 2928 D’Anrillius
1031 2861 1118 2926 hahet
1133 2861 1230 2926 Curre.
1242 2859 1283 2922 O.

688 3040 888 3130 Castaliae

320 3253 365 3318 De
392 3251 510 3316 Castalio
531 3253 613 3314 sonte
631 3256 726 3316 adium
754 3255 793 3316 est
821 3275 850 3334 p.
875 3274 945 3331 225.
978 3255 1115 3319 Montem
1139 3251 1289 3328 adfuisse,

281 3372 318 3416 ex
339 3352 404 3415 loco
421 3351 527 3430 Virgilii
549 3352 661 3414 videtur
692 3353 861 3416 intellexisse
888 3356 1006 3430 Vibius,
1040 3355 1144 3435 Georg.
1178 3353 1209 3415 L.
1230 3353 1288 3416 111.

280 3474 309 3515 v.
333 3471 402 3529 293.
426 3449 512 3532 juvat
535 3452 573 3511 ire
590 3448 669 3534 jugis
695 3455 749 3516 dre.
775 3472 862 3531 quern
892 3454 991 3518 locum
1025 3453 1108 3534 supra
1139 3453 1289 3514 dedimus,

277 3551 324 3616 Ex
351 3551 433 3614 Vibio
462 3552 574 3629 accepit
595 3553 773 3615 Bnecacius:
810 3552 944 3636 Castalius
980 3573 1055 3612 mons
1086 3553 1114 3612 in
1144 3549 1294 3631 Delphis,

279 3650 357 3730 musts
376 3647 463 3726 fieret.
506 3651 656 3727 Antiquior
681 3651 764 3714 Vibio
792 3651 931 3730 scriptor,
968 3651 1025 3713 srve
1052 3654 1201 3714 Romanus
1228 3649 1292 3710 live

280 3747 424 3824 Graecus,
453 3749 502 3828 qui
524 3748 678 3811 Castalium
699 3765 831 3814 montem
853 3751 956 3816 diserte
978 3762 1212 3825 commemoret,
1235 3766 1293 3808 ne·

279 3868 328 3909 nro
351 3848 494 3914 succurrit.
528 3848 669 3910 Lucienus
688 3847 783 3910 forsan
802 3851 833 3910 in
850 3850 1112 3928 contemplantibus
1133 3848 1192 3910 srve
1211 3847 1294 3908 Cha·

282 3959 365 4008 tonte
382 3993 391 4023 ,
416 3948 468 4009 ubi
485 3947 522 4009 de
545 3947 691 4010 montibus
707 3948 818 4024 sermo,
846 3971 918 4028 quos
940 3951 1040 4013 frustra
1060 3947 1119 4026 ipse
1132 3967 1200 4012 cunr
1210 3945 1293 4008 Mer-
