2800 4716
293 351 375 452 426
512 365 697 430 morra
754 326 1067 432 v'nrrronour

290 528 409 593 exhibet
442 525 519 588 idem
535 525 631 589 tabula
657 525 686 588 L.
706 524 744 587 cf.
768 527 796 586 dr
822 527 1014 592 Montfaooon
1037 531 1124 610 antiq.
1145 531 1220 613 expl.
1241 533 1284 600 T:

290 629 328 694 ll.
360 625 458 706 Suppl.
487 625 543 688 tab.
565 624 614 687 lv.
640 623 825 699 Fischerum‚
848 625 961 705 dequo
981 629 1060 698 diri,
1095 649 1155 692 non
1175 653 1282 694 moror.

290 727 348 794 Sed
369 723 573 805 praetereunda
598 721 717 786 nonest
735 720 845 786 silentio
869 724 1022 788 dissertatio
1038 726 1105 802 Joh.
1127 728 1223 790 Poleni
1246 732 1285 790 de

290 825 401 904 templo
414 821 533 901 Ephesio
547 822 578 884 in
597 821 815 884 Commentariis
831 823 1000 885 Academiae
1015 825 1198 888 Cortonenses
1210 827 1246 890 T.
1258 827 1283 888 l.

292 926 323 989 P.
335 925 370 986 ll.
395 923 458 985 Nec
483 919 580 983 volam
601 939 656 983 nec
669 920 818 1000 vestigium
839 923 900 997 ejus
918 921 1007 984 ullum
1030 923 1167 1001 superesse
1183 925 1285 985 hodie-

291 1041 369 1104 que,
385 1016 564 1084 Chundleros
587 1039 680 1100 nuper
700 1019 831 1081 testatum
850 1019 939 1090 fecit,
960 1021 1047 1098 idque
1067 1023 1097 1082 in
1119 1042 1209 1102 opere
1224 1023 1286 1082 exi·

290 1123 369 1197 mio,
392 1120 470 1200 qood
487 1118 639 1199 allegatum
666 1118 706 1180 esi
729 1116 811 1196 supra
837 1119 874 1180 ad
898 1119 1084 1181 Maeandrum
1123 1141 1186 1198 pag.
1216 1141 1284 1192 144·

290 1224 394 1301 Neque
413 1221 437 1282 is
455 1218 657 1280 architesiurae
675 1217 794 1292 ,lonicae
811 1215 865 1278 alia
891 1217 1085 1287 documenta,
1102 1217 1186 1292 Jonia
1212 1237 1287 1296 quae

291 1321 382 1383 servet
414 1316 496 1396 ipsa,
545 1315 643 1393 dedit,
683 1329 795 1393 praeter
829 1315 931 1377 rudera
962 1315 1134 1394 templorum
1171 1318 1286 1392 trium,

292 1419 418 1486 Bacchi,
445 1416 523 1494 quod
548 1415 646 1484 Teos,
666 1415 835 1486 Minervae,
863 1413 942 1493 quod
964 1414 1123 1491 Priene,&
1145 1413 1287 1493 Apollinis

291 1515 460 1596 Didymaei,
483 1514 561 1594 quod
583 1511 702 1576 Miletus
735 1511 844 1574 habuit.
888 1513 927 1577 0.

662 1675 919 1761 Mausoleum

333 1899 362 1940 r.
385 1859 547 1958 Propertiul
571 1873 673 1942 LIII.
695 1873 767 1954 eleg.
796 1893 822 1949 r,
848 1893 876 1936 r.
896 1891 944 1952 57.
973 1877 1003 1938 st
1022 1874 1158 1938 Martialis
1187 1875 1220 1940 Ι..
1242 1879 1285 1942 X.

292 1999 337 2057 ep.
364 1985 413 2054 ⁶3·
453 1977 604 2040 Caeterum
626 1973 699 2038 male
721 1971 817 2038 Heinl.
841 1971 936 2036 collar.
970 1968 1063 2050 islep.
1085 1974 1160 2038 Gud,
1197 1977 1288 2038 Mau·

285 2073 424 2154 solarum:
445 2095 512 2138 nam
531 2074 639 2138 Graece
654 2068 825 2134 mavemur».
848 2085 984 2145 ausser.
1071 2073 1150 2136 udde
1169 2073 1288 2136 Strabo·

291 2193 358 2236 nem
383 2173 415 2236 1.
444 2173 524 2238 XlV.
544 2191 573 2250 p.
599 2178 669 2247 ⁶5⁶·
692 2171 726 2234 ln
746 2169 844 2234 museo
866 2170 1006 2244 Johannis
1020 2171 1058 2232 de
1073 2171 1200 2235 balsamo
1211 2174 1285 2238 olim

290 2290 427 2333 nummus
458 2271 572 2344 extitit,
602 2271 633 2332 in
655 2291 712 2348 quo
732 2269 762 2330 id
785 2289 858 2348 opus
885 2269 1047 2334 Artemisiae
1079 2272 1191 2349 reginae
1222 2271 1287 2351 spe-

290 2374 391 2436 Matur.
428 2369 493 2432 heri
524 2366 644 2431 incisum
672 2369 722 2430 dat
757 2367 928 2432 Goaltbctos
953 2368 984 2428 in
1018 2367 1135 2432 Tabulis
1169 2370 1289 2433 Siciliae

268 2485 349 2536 ‘anu
375 2489 405 2550 p.
429 2488 478 2547 23.
497 2466 600 2531 recusrs
632 2467 663 2528 in
683 2466 830 2530 Thesauro
850 2466 1050 2546 antiquitatum
1063 2467 1219 2532 Sicularum
1246 2470 1285 2533 T.

290 2569 340 2632 Vl.
367 2589 396 2648 p.
417 2581 486 2644 219.
517 2567 594 2630 lnter
620 2569 791 2628 recentiores
814 2565 852 2627 de
869 2563 1015 2628 Mausoleo
1043 2566 1133 2628 videri
1157 2584 1287 2631 meretur

290 2667 395 2748 Cayloa
420 2669 451 2729 iu
470 2666 537 2730 Diis.
558 2665 662 2728 inserta
687 2664 906 2727 Commentariis
927 2664 1095 2728 Academiae
1118 2663 1194 2744 Eleg.
1213 2667 1285 2730 Lirt.

291 2765 425 2844 Parisrnae
446 2766 482 2828 T.
508 2764 619 2830 XXVI.
649 2784 678 2843 p.
705 2781 773 2842 321.
794 2762 844 2826 ubi
863 2761 1043 2826 Mausoleum
1069 2763 1190 2828 Mausoli
1213 2785 1287 2830 cunr

289 2864 344 2927 aiio
372 2866 497 2948 quodam
517 2866 547 2925 in
566 2863 658 2926 Africa
689 2875 803 2940 reperto
829 2875 986 2940 comparat.
1031 2863 1067 2926 Ο.

615 3024 796 3114 Colossus
828 3023 964 3110 Rhodi

331 3223 508 3288 Eustachium
530 3225 594 3304 lege
614 3224 650 3288 ad
670 3223 802 3302 Dionysii
829 3223 892 3288 urb.
919 3221 1007 3288 deser.
1041 3243 1069 3286 v.
1103 3245 1169 3298 504.
1195 3245 1288 3305 porro

290 3325 348 3386 vid.
373 3325 533 3386 Simonides
551 3327 582 3386 in
601 3325 688 3403 epigr.
710 3323 820 3386 Gracco
844 3322 939 3386 LIV.
962 3344 1026 3402 cap.
1055 3331 1081 3386 6.
1122 3345 1167 3404 ep
1197 3349 1227 3400 4.
1257 3333 1288 3392 eu

289 3423 434 3503 inscriptio
458 3425 489 3486 in
513 3423 626 3487 Gruteri
655 3441 734 3500 corp.
769 3421 852 3487 iuscr.
886 3441 950 3502 pag.
979 3422 1169 3488 CLXXXVI.
1197 3445 1225 3489 n.
1261 3447 1288 3490 t.

292 3519 427 3590 Hester..
513 3521 693 3602 Epigramma
715 3521 870 3584 Simonidis
893 3521 924 3607 in
941 3521 1126 3586 brouchianis
1148 3522 1290 3588 analectis

289 3620 376 3684 habes
400 3619 434 3687 T·
453 3619 475 3683 1.
501 3639 528 3699 p.
559 3640 627 3696 ¹4³·
647 3621 763 3684 Corruit
790 3633 881 3682 terrae
906 3631 986 3682 moto
1014 3639 1086 3698 opus
1107 3621 1289 3687 idCharetis

289 3720 383 3785 Lindii
402 3719 564 3785 cubitorum
586 3719 779 3799 septuaginta,
803 3719 885 3781 annis
909 3731 976 3780 ante
995 3718 1028 3782 C.
1050 3719 1087 3782 N.
1110 3731 1178 3792 ²28·
1212 3723 1289 3786 tede

290 3817 407 3897 Polybio
433 3819 464 3884 1..
485 3818 518 3882 V.
537 3838 562 3881 c.
584 3829 632 3890 88.
660 3820 718 3883 Suo
738 3830 868 3896 tempure
886 3817 1054 3895 prostratum
1079 3818 1213 3896 jacuisse,
1246 3839 1303 3903 re,

288 3918 373 3980 llator
400 3917 501 3979 Strabo
526 3915 557 3980 L.
579 3915 660 3980 XIV.
684 3936 713 3995 p.
738 3926 808 3988 652.
837 3937 853 3980 a
873 3916 995 3994 genibus
1014 3917 1210 3993 consuetum,
1231 3942 1289 3984 noc

292 4013 439 4086 Rhodios,
474 4016 589 4077 oraculo
624 4016 797 4093 impeditos,
837 4017 988 4080 instaurare
1017 4035 1082 4107 eum
1111 4017 1166 4078 esse
1191 4021 1288 4083 aulos
