2798 4710
381 337 452 398 DE
511 337 864 422 FLUMruraus
1093 353 1114 428 3

184 493 366 608 Alpheus
395 492 541 598 Elidis,
564 497 634 608 qui
659 525 731 604 per
755 524 867 581 mare
900 497 1117 590 decurrens

121 610 170 694 in
186 608 362 694 Siciliam
380 607 546 690 insulam
561 607 781 694 Arethusae
796 605 900 694 fonti
916 613 1114 704 miscetur.

182 751 372 836 Ascanius
416 750 588 864 Mysrae.
622 749 678 863 (d
689 750 710 864 )

181 895 358 980 Achates
375 895 566 1000 Siciliae,
586 893 654 978 ubi
670 898 757 1008 pari
776 901 942 985 nomine
962 901 1118 1016 lapillos

122 1005 227 1116 edit,
257 1007 366 1094 unde
398 1037 585 1122 gemmae
618 1007 730 1092 fiunt.
753 1007 799 1123 (e
811 1009 833 1124 )

175 1151 373 1238 Acheron
403 1149 636 1238 inferorum.
664 1147 738 1266 (s)

178 1297 315 1381 Anien
342 1296 449 1380 lacui
475 1296 714 1381 Velinorum
748 1293 994 1400 infunditur,
1073 1334 1116 1393 er

123 1407 424 1494 Tiburtinorum
442 1383 545 1494 fines
559 1409 760 1510 decurrit,
781 1411 831 1493 ab
852 1335 1115 1506 Anienerllo

124 1523 348 1637 Apollinis,
376 1526 418 1606 in
437 1520 620 1608 Tiberim
646 1523 744 1607 fluit.
782 1521 863 1638 (g)

178 1667 311 1767 Allia,
323 1667 474 1753 Salaria
503 1671 572 1752 via
599 1665 651 1751 ad
670 1669 753 1753 mil.
785 1665 897 1754 Xllll
925 1668 1115 1775 aRoma‚

130 1778 192 1863 ubi
222 1731 331 1975 Gplli
370 1777 542 1867 victoria
593 1781 679 1866 lunt
716 1783 835 1895 potiti
878 1779 929 1866 de
962 1785 1115 1870 Roma.

133 1923 201 1977 ms.

154 1893 331 2234 piritu}
353 2039 586 2178 Armeniae.
604 2038 880 2124 Armeniama
903 2039 1038 2128 Medis
1054 2042 1114 2128 di-

126 2181 164 2236 vr
193 2175 223 2234 rt

154 2151 334 2380 Athdll
348 2293 701 2380 Veronensrum
657 2356 671 2396 ,
690 2325 732 2378 1n
749 2294 901 2386 Padum
918 2298 1112 2390 decurrit.

174 2436 395 2522 Amasenus
421 2438 729 2525 Privernatium.

180 2579 343 2665 Aufidus
367 2581 564 2694 Apuliae,
581 2585 785 2698 proximus
812 2583 999 2670 Canusio.

148 2722 349 2836 '‘Alyntos
359 2725 581 2810 Lucaniam
595 2727 879 2814 aVeliensrbus
890 2727 1046 2816 dividit.

1103 681 1125 744 ‘l

122 2999 155 3071 (d
159 2999 175 3072 )
140 2999 320 3056 dAlcnnius
333 2999 442 3071 Myfiae.
451 2999 464 3072 )
480 3001 574 3056 addunt
589 3000 685 3056 fluvius
708 2997 759 3067 est,
772 2999 819 3064 seul
839 3000 897 3054 haec
909 2998 1034 3067 obsunta
1056 3003 1111 3066 cod
1100 3041 1124 3066 ,

152 3085 260 3145 σκηὶίὶε

120 3184 157 3256 (e
162 3185 291 3256 >ubi)·
279 3205 307 3239 m
323 3187 377 3246 rod
391 3187 501 3240 omnibus
515 3186 619 3254 legitur.
690 3183 761 3254 etit)
777 3184 818 3250 ste
838 3185 889 3240 rod.
917 3186 1009 3253 citati,
1034 3187 1111 3255 vulgo

149 3278 275 3340 generat,
296 3284 342 3340 pm
365 3289 411 3342 quo
436 3270 569 3323 Cluverius
592 3271 693 3324 mavult
710 3268 814 3340 lapillus
833 3278 981 3338 generatur.

120 3368 167 3442 U)
186 3369 326 3439 Acheron)
345 3371 389 3424 Sic
407 3368 520 3442 Porisr'm'
535 3371 627 3424 codices
637 3369 783 3438 postponunt
803 3369 905 3432 Achati.

122 3469 171 3540 (g)
190 3466 282 3537 lacui)
306 3469 359 3526 cod.
381 3468 437 3522 Rel.
458 3485 492 3523 cx
504 3467 562 3524 lacu
580 3469 634 3524 conl.
654 3469 719 3525 Rev.
735 3469 823 3532 Paris.
849 3477 952 3538 uterque
985 3471 1044 3522 item
1070 3468 1111 3530 ed,

55 3595 59 3608 .
147 3557 221 3612 Flor.
230 3553 305 3609 larus
345 3551 516 3622 Velitrarum)
533 3555 664 3606 Cluverius
676 3555 738 3620 legit
749 3551 851 3614 Velino.
901 3553 1035 3620 decurrit)
1048 3551 1111 3618 deest

149 3641 175 3691 in
195 3639 250 3696 eoa
271 3639 339 3696 Rev.
362 3637 396 3698 δῦ
413 3637 473 3716 Rel
540 3633 619 3706 fluit)
637 3639 676 3692 ita
690 3637 741 3692 cod.
766 3655 860 3700 omnen
903 3639 981 3705 vulgo
1009 3636 1109 3692 defluit.

118 3734 245 3808 (rrae)
270 3739 338 3798 MS
359 3737 426 3792 nv
445 3755 460 3790 a

116 3835 162 3908 (i)
179 3837 348 3908 Armeniam)
371 3838 424 3900 cul
442 3835 510 3902 trev
530 3837 589 3904 Rei
608 3835 697 3900 faris.
719 3835 787 3902 1&
807 3837 850 3901 11
863 3839 898 3898 ir
918 3835 979 3896 edit.
995 3835 1109 3902 Fluunt
1219 3901 1220 3908 ἵ

141 3923 276 3990 tubum

552 4039 554 4044 ’
637 3992 736 4124 ‘Ar
