2830 4716
285 332 363 424 aio
504 343 687 404 norun
743 343 1062 407 vnnronum

281 503 474 574 testimonium
496 499 677 566 clarissimum
701 501 756 564 effe
782 505 973 581 pronuntiat,
1004 517 1090 584 atque
1118 527 1155 570 ex
1177 507 1283 572 itinere

281 603 420 679 Caesaris,
441 620 528 679 quern
546 602 718 675 Suetonius,
736 602 882 678 Appianus
904 601 1010 681 aliique
1021 599 1074 680 sub
1094 605 1181 667 lucem
1200 608 1282 685 (pria,

280 704 380 780 mam)
405 702 442 764 ad
457 700 642 763 Rubiconem
659 704 687 762 ἃ
703 700 802 781 paullo
816 719 878 761 anre
894 701 966 762 dien
981 700 1027 764 vel
1048 703 1123 765 circa
1142 698 1213 779 solis
1238 726 1281 764 ors

280 823 336 872 rum
357 797 514 879 pervenisse
536 799 697 862 Ariminum
715 799 866 874 testentur,
895 801 1052 864 meridiana
1077 801 1143 864 luce
1176 803 1290 886 clarius,

279 915 376 984 patere
401 899 460 972 ait,
492 899 686 976 propinquum
705 899 833 960 Arimino
853 898 1037 962 Rubiconem
1058 899 1187 963 extitisse.
1219 901 1280 962 Ne.

279 1019 336 1080 que
350 1001 403 1062 iter
419 997 491 1060 iilud
511 996 623 1074 prorsus
647 996 695 1058 sex
717 995 880 1060 milliurium
900 996 1004 1073 fuisse,
1022 997 1132 1080 calculo
1150 997 1281 1076 instituto

281 1098 425 1172 declarat,
453 1113 526 1174 quae
542 1095 666 1173 proinde
688 1095 817 1174 distantia
838 1094 971 1159 locorum
988 1098 1024 1158 ad
1041 1095 1182 1174 spatium,
1199 1094 1280 1174 quod

281 1197 434 1260 Rubicone
462 1195 499 1256 ad
516 1193 617 1256 urbem
637 1194 797 1256 Ariminum
811 1195 985 1269 intercedit,
1005 1196 1097 1274 probe
1125 1196 1255 1275 quadret

281 1363 285 1372 ,
326 1291 571 1386 Quibus‘scriptis
588 1291 731 1368 utrimque
746 1311 780 1354 es
802 1291 836 1354 lis
851 1293 931 1354 inde
955 1293 991 1356 ab
1012 1315 1038 1357 a.
1073 1302 1153 1372 dopo
1186 1292 1278 1356 conti·

281 1413 367 1472 nuara
385 1393 437 1467 srt,
464 1411 524 1452 non
546 1390 691 1452 succurrit
722 1391 824 1469 Nuper
841 1405 938 1454 tamen
955 1393 989 1455 R.
1010 1391 1041 1455 P.
1072 1391 1198 1471 Angelus
1225 1391 1279 1454 Oe·

279 1493 408 1572 logiera,
428 1485 649 1588 §amaldulensrs
664 1489 772 1550 ordinis
793 1491 969 1565 monachus,
993 1489 1141 1554 fasciculos
1153 1489 1280 1568 opuscu-

280 1593 392 1666 lorum,
414 1604 446 1652 ut
471 1587 570 1652 italice
594 1587 693 1661 effert,
734 1587 953 1654 scientificomm
985 1592 1013 1653 δι
1037 1587 1280 1668 philologicorum

282 1675 387 1765 edidit,
397 1709 519 1770 quorum
532 1699 614 1768 parte
632 1687 862 1766 quinquagesima
878 1689 1037 1767 eademque
1064 1686 1181 1760 rdtima,
1197 1685 1280 1746 edita
1401 1691 1402 1728 i

281 1791 401 1856 Arimini
415 1807 443 1850 a.
459 1794 560 1866 1756,
584 1786 653 1848 duas
669 1785 798 1848 recenset
818 1786 971 1865 epistolas,
995 1789 1033 1851 ad
1058 1788 1179 1862 eandem
1207 1803 1279 1846 con-

282 1888 447 1954 troversam
463 1886 647 1964 pertinentes.
692 1884 753 1946 istis
771 1885 838 1960 Joh.
864 1886 1005 1963 Blancus,
1035 1887 1122 1966 vulgo
1140 1884 1277 1958 bianchi,

209 2053 211 2060 ,
282 1990 369 2072 Gabr.
386 1987 462 2052 Mar.
478 1983 679 2051 Guastuzzium
696 1983 793 2046 denuo
816 2003 870 2061 pro
889 1979 985 2059 lustr,
1011 1985 1155 2048 contraR.
1167 1982 1278 2046 Patrem

285 2089 351 2165 Joh.
370 2084 512 2164 Angelum
530 2083 641 2146 Senam
665 2101 718 2160 pro
734 2076 896 2158 Pisciarello
912 2084 1089 2146 contendere
1105 2085 1199 2146 docet

323 2184 415 2253 Missis
431 2180 530 2256 Italis,
555 2179 722 2244 Cluverium
741 2182 858 2242 tandem
884 2181 983 2243 audire
1014 2181 1114 2255 lubet,
1138 2182 1187 2258 qui
1211 2190 1277 2242 ante
1291 2154 1305 2180 ⁴

281 2285 449 2372 ¹Scipionem
466 2279 700 2342 Claramontium·
714 2278 842 2360 scripsit,
865 2282 891 2342 dt
909 2280 940 2340 in
957 2277 1089 2342 itabant.
1118 2279 1137 2340 1.
1157 2299 1183 2341 c.
1217 2278 1279 2341 Ru·

279 2385 417 2466 biconem
431 2400 490 2441 non
517 2395 575 2440 tam
592 2377 683 2456 ipsum
702 2377 878 2452 Pisatelium,
897 2397 982 2455 qoam
1012 2379 1109 2456 potius
1132 2377 1277 2450 iilum,in

279 2502 371 2564 ,quem
392 2477 533 2542 Pisarellus
548 2477 667 2553 incidit,
691 2479 794 2556 cuique
811 2478 921 2560 Rugone
936 2475 982 2538 vei
1002 2477 1103 2559 Rigore
1128 2475 1278 2540 ueletiam

284 2583 391 2664 llrgone
407 2578 523 2658 vulgare
544 2597 653 2639 nomen
668 2577 730 2653 est,
753 2597 790 2638 ex
803 2578 929 2654 antiquo
956 2576 1104 2638 Rubiconis
1123 2575 1277 2650 residuum,

281 2680 339 2752 eise
362 2678 465 2740 statuit.
510 2675 556 2738 Est
571 2691 667 2738 autem
684 2677 779 2750 idem,
799 2695 887 2754 qoem
901 2674 984 2754 supra
1009 2669 1149 2756 Argoffarn
1167 2671 1277 2734 salutari

257 2778 448 2857 'scripsimus
492 2775 567 2838 Dein
586 2774 868 2837 Rubiconisostium
890 2773 926 2836 ab
957 2773 1032 2848 alio,
1065 2791 1150 2850 quem
1175 2771 1279 2832 itidem
1398 2791 1401 2804 ·

285 2877 382 2958 paullo
402 2875 519 2938 inferius
532 2876 654 2962 recipit,
676 2873 820 2936 Sabiniani
839 2871 948 2935 scilicet
969 2869 1131 2944 amniculo,
1147 2867 1231 2946 fiune
1246 2867 1278 2925 di

280 2978 435 3058 savignano
450 2975 546 3036 vocari
558 2975 646 3034 addit.
671 2974 765 3034 Litem
787 2971 1057 3052 egregie-conficere
1076 2966 1166 3047 posset
1180 2965 1279 3028 Theo·

281 3075 394 3160 dosrsna
416 3071 534 3148 tabula,
566 3059 704 3148 siquidem
727 3069 858 3134 locorum
893 3069 1023 3131 distantia
1050 3066 1174 3130 curatius
1201 3063 1278 3126 foret

280 3170 416 3252 expressa.
453 3172 555 3248 Neque
568 3169 746 3232 Ptolemaeus
762 3171 914 3248 quicquum
933 3167 998 3230 heic
1021 3165 1125 3241 efficit,
1169 3162 1277 3240 quippe

280 3271 359 3350 apud
385 3287 471 3347 quem
498 3268 653 3332 Rubiconis
675 3269 744 3331 osiia
772 3269 846 3334 inter
865 3267 1035 3334 Ravennam
1060 3268 1089 3330 ἃ
1115 3263 1275 3330 Ariminum

281 3371 451 3443 indicantur.
493 3368 532 3434 0.
562 3380 565 3386 '

691 3505 853 3592 Rutuba

323 3707 392 3786 Ejus
417 3704 549 3767 meminit
570 3703 702 3766 Lucanus
726 3700 757 3764 L.
772 3701 809 3763 Il.
835 3721 864 3763 r.
886 3717 959 3766 tur.

279 3843 291 3866 ι,
402 3802 569 3865 Dexteriora
583 3801 687 3882 vpetens
706 3801 803 3859 montis
826 3799 946 3862 declivia
973 3795 1071 3859 Tibrim

407 3904 489 3962 Unda
502 3896 601 3981 fhcit,
623 3899 809 3978 Rutubamque
840 3919 948 3964 cauam.

276 4000 316 4074 cs.
332 3997 467 4064 Celiariue
489 4001 524 4064 G.
546 4000 578 4063 A.
604 3999 635 4062 L.
654 3997 692 4066 11.
716 4017 746 4065 v.
764 4015 836 4074 421.
870 4009 1008 4062 fluctuo.
1112 3989 1279 4054 Maritimae
