2836 4718
298 335 374 418 288
520 347 702 410 rorte
759 321 1070 410 rauranum

522 581 631 668 AD
690 573 1069 666 MONTES

659 800 918 920 Aracynthus

335 1007 409 1072 eum
425 1001 509 1065 vibio
525 1002 578 1064 stat
595 1001 724 1066 Lutatius
743 999 780 1064 ad
798 1001 878 1064 Sutii
902 997 998 1069 Theb.
1020 997 1052 1064 i..
1074 997 1113 1065 ΙΙ.
1130 1022 1158 1070 v.
1180 1021 1253 1084 239.

417 1125 482 1190 Non
495 1122 576 1203 secus
590 1147 625 1186 ac
635 1121 733 1208 supero
746 1126 851 1209 pariter
862 1119 1016 1204 sitarchiae
1033 1121 1127 1210 lapsae

416 1225 517 1290 Pallas
543 1219 709 1308 &asperior
732 1220 835 1284 Phoebi
861 1220 958 1301 horor,
990 1241 1102 1306 utraque
1126 1222 1192 1288 rehr
1261 1213 1263 1216 Ι

419 1325 539 1407 Utraque
565 1342 644 1384 torva
663 1323 739 1407 genis
751 1365 763 1393 ,
777 1323 906 1404 flauoque
928 1323 956 1383 in
976 1323 1073 1383 vertice
1094 1325 1163 1384 nodo
1173 1367 1186 1394 ,

417 1423 476 1488 Illa
497 1419 566 1501 suas
586 1423 690 1504 Cyntho
706 1421 814 1482 comites
838 1439 906 1506 agat
916 1464 929 1492 ‚
946 1421 1013 1481 haec
1037 1420 1205 1502 Aracyntho.

291 1551 493 1634 Aracynthus)
518 1547 631 1608 Atticae
651 1545 765 1629 regionis
790 1566 882 1616 mons,
907 1545 1049 1606 Mineruae
1072 1539 1155 1620 fitter.
1182 1542 1291 1608 videto
1341 1634 1344 1638 Ι

290 1667 386 1718 autem
406 1649 555 1722 Servium,
574 1645 719 1720 Probum,
736 1644 923 1718 Ascensum,
947 1643 1043 1706 Barth.
1064 1644 1226 1719 Nunnium,
1257 1646 1291 1706 in

184 1837 188 1850 ι
290 1749 444 1834 primisque
469 1747 505 1808 de
527 1744 553 1807 la
570 1743 663 1806 Cetda
683 1743 876 1817 &Ruaeum,
896 1740 1052 1822 adVirgilii
1066 1741 1120 1808 ecl.
1141 1741 1176 1804 li.
1195 1763 1222 1826 u.
1235 1759 1288 1824 23.

417 1871 522 1944 Canto,
547 1888 616 1949 quae
630 1860 751 1944 halitus,
769 1868 801 1944 fi
818 1868 925 1948 quanda
938 1885 1058 1928 amenta
1071 1867 1206 1944 uocabat,
1272 1883 1280 1898 ·
1330 1886 1332 1900 ¹

414 1968 548 2051 Amphion
567 1967 705 2028 Dircaeus
725 1965 753 2025 in
775 1967 877 2025 Achaeo
892 1967 1060 2047 Aracyntho.

289 2096 457 2180 quibuscum
491 2063 647 2170 cop'ulandi
683 2090 749 2153 sunt
780 2087 925 2152 Berlrelius
947 2103 1033 2166 atque
1064 2083 1228 2150 holstenius
1250 2087 1288 2151 ad

289 2198 389 2275 Steph.
407 2196 527 2272 Byzant.
549 2191 580 2252 in
600 2184 775 2265 'hainoum
799 2207 931 2250 necnon
948 2187 1085 2250 Cellarius
1106 2187 1210 2266 Gcogr.
1226 2199 1287 2252 ant.

288 2299 321 2362 L.
344 2295 382 2358 ΙΙ.
407 2311 468 2368 cap.
490 2304 532 2366 13.
559 2287 748 2376 athletarum
764 2305 872 2366 patetg.
892 2288 945 2362 jur.
968 2284 1000 2348 I..
1022 2283 1056 2347 V.
1075 2304 1138 2364 cap.
1156 2307 1185 2362 4.
1201 2299 1287 2364 atque

287 2397 357 2462 alios
383 2393 522 2454 omittam.

329 2490 477 2566 Arcadia)
500 2482 674 2548 Acarnaniae
689 2484 757 2564 legit
781 2505 818 2547 ex
837 2498 904 2546 nota
929 2481 1047 2546 Brodaei
1071 2482 1149 2546 misc.
1182 2483 1212 2546 1.
1243 2481 1284 2548 11.

287 2615 314 2658 c.
338 2604 368 2663 8.
390 2587 473 2652 dela
493 2586 584 2648 Cetda
606 2585 643 2646 ad
661 2584 759 2663 Virgil.
785 2585 803 2646 l.
830 2605 856 2651 c.
871 2586 988 2667 *Seoppa
1010 2585 1050 2644 ad
1073 2585 1181 2643 eundern
1214 2581 1286 2644 Vibii

286 2692 368 2756 rerba
385 2685 520 2770 protulit,
543 2702 574 2744 ut
588 2681 683 2766 opinor
702 2685 848 2744 memoriter
859 2685 939 2763 ,fier
968 2683 1144 2764 Aracynthur
1161 2684 1287 2765 montes!

284 2790 313 2850 t‘n
336 2787 456 2856 Attica,
477 2782 586 2864 quidam
610 2782 638 2840 in
661 2783 785 2842 Arcadia
803 2780 906 2844 uolunt.
931 2798 1069 2845 HESSEI..
1106 2823 1109 2830 ι
1167 2782 1284 2845 Solinus

284 2889 316 2950 in
338 2883 503 2948 Acarnania.
519 2900 580 2958 cap.
601 2899 647 2942 re.
660 2882 818 2941 Acarnania
827 2883 987 2963 Aracyntho
1002 2877 1103 2947 eminet.
1125 2895 1281 2944 Gronov.

327 2982 418 3045 Servii
430 2981 555 3042 locusita
568 2978 597 3039 se
613 2978 719 3044 habeti
733 2981 803 3038 Sane
811 2981 989 3062 Aracynthus
1004 3003 1078 3041 rnons
1089 2981 1121 3062 est
1131 2961 1281 3044 tribanus.

287 3080 365 3140 Unde
388 3083 478 3136 ailaeo
495 3075 612 3138 littorali
632 3078 755 3136 debemus
778 3079 920 3161 accipere,
941 3103 994 3140 non
1010 3080 1186 3159 Athenienst,·
1215 3078 1284 3139 iicet

283 3177 408 3239 Athenae
420 3176 499 3256 prius
511 3171 583 3236 icch
597 3175 682 3252 dictat
694 3177 770 3255 stne,
792 3198 943 3258 quanquam
953 3176 1074 3261 plerique
1090 3167 1189 3238 Achaeo
1207 3180 1288 3248 Ara,

281 3274 380 3357 eyntho
404 3273 557 3353 Athenienfi
574 3271 730 3355 accipiant,
753 3298 805 3336 non
822 3279 895 3358 quod
915 3278 1094 3358 Aracynthus
1109 3279 1186 3360 apud
1194 3279 1284 3339 Athe-

281 3397 333 3437 nas
352 3374 402 3455 est,
418 3367 471 3448 sed
491 3389 523 3431 ut
540 3374 691 3455 oJierrdarur
714 3375 803 3456 rustici
820 3375 962 3458 inperitia.
997 3377 1178 3454 Scoppa,ad
1192 3396 1283 3453 quem

282 3488 422 3557 provocat
441 3491 556 3550 quoque
573 3471 729 3547 Heiielim‚
759 3473 953 3554 Aracynthum
977 3473 1178 3537 Atheniensem
1195 3473 1284 3535 intel·

236 3601 239 3609 r
281 3573 332 3652 ligi
354 3568 469 3649 Virgilio
491 3570 651 3645 existimat,
680 3565 910 3651 distinguendum
931 3573 967 3635 ab
991 3574 1155 3654 Aracyntho
1178 3588 1283 3636 monte

283 3675 311 3733 &
336 3669 505 3732 Acarnaniae
525 3673 552 3730 ἃ
571 3667 755 3745 Thebarum,
783 3675 864 3747 cujus
886 3673 1047 3751 posterioris
1072 3675 1180 3764 mentio
1201 3674 1282 3753 apud

281 3768 459 3847 Propertium
480 3767 511 3828 L.
529 3765 582 3831 ΙΙΙ.
600 3765 670 3844 eleg.
689 3769 771 3832 Xlll.
791 3791 819 3838 v.
841 3791 890 3846 42.

405 3893 494 3952 Prata
508 3905 679 3950 cruentantur
694 3894 793 3963 Zethi,
816 3895 951 3978 viiiorque
974 3896 1087 3958 canebat

446 3991 558 4050 Paeana
585 3989 717 4076 Amphion
740 4013 821 4076 rupe,
844 3995 1022 4077 Aracynthe,
1047 4013 1106 4059 rua.
1150 4075 1278 4142 mum
