2798 4710
459 357 529 415 nn
590 347 918 418 naumann-f
1085 371 1132 453 45

146 511 229 584 istum
248 507 395 580 austeram
421 505 529 576 Ararim
550 497 663 591 quor'p'ue
679 513 846 576 Germaniae
866 503 974 592 primae
986 507 1138 596 alliqnare,

145 621 230 694 cujus
253 615 354 676 erroris
377 611 489 675 causam
512 603 609 676 Ha'da
623 611 747 674 Valesius
771 631 807 673 ex
824 615 898 674 male
920 615 1064 679 intelletto
1080 621 1141 680 Vir.

148 705 216 796 gilii
232 715 296 776 loco
326 707 461 776 deducat.
578 704 705 790 Vogesum
729 699 962 772 transformatum
995 715 1025 775 in
1060 713 1140 789 lalla-

146 832 211 898 gum
228 813 324 874 medio
349 828 421 872 aevo
443 809 530 870 refert
561 807 696 869 Cellarius
710 797 749 868 'in
770 808 866 873 N.'O.
882 809 914 870 A.
928 803 963 871 T.
983 809 1005 872 l.
1023 810 1057 873 ln
1072 811 1141 890 lapi·

146 914 186 976 de
203 914 279 991 apud
292 913 446 974 Gruterum
461 909 498 976 Τ.
519 906 543 972 Ι.
564 925 593 983 ρ.
615 925 663 979 94.
692 900 811 989 Vosegus
825 904 934 984 legitur.
979 908 1021 969 En
1040 909 1143 974 illum:

142 1039 145 1047 ¹
386 1019 391 1030 ’
557 1014 730 1066 voratio

360 1136 364 1146 ,
449 1115 847 1183 minarumque

507 1217 541 1263 v.
593 1217 618 1262 s.
665 1193 699 1262 aa
740 1215 770 1266 a.

138 1305 181 1366 v'in
190 1299 288 1365 tabula
296 1297 493 1363 Theodosiana
508 1297 588 1357 Silua
606 1292 736 1380 Vosagua.
756 1297 793 1360 Ο.
856 1293 932 1362 Eece
951 1301 1052 1363 iterum
1071 1301 1143 1382 ἀμέρ

149 1425 236 1475 suaa,
258 1419 318 1462 nrm
336 1391 458 1477 amplius
477 1396 651 1474 Sequestris,
667 1394 715 1456 sed
740 1395 927 1462 librariorum.
975 1399 1142 1462 Persuadere

143 1499 226 1560 ¹eninr
238 1498 309 1559 milri
323 1515 386 1558 non-
396 1495 523 1575 pollum,
538 1494 644 1556 Ararim
657 1495 687 1554 in
696 1493 848 1556 Germania
857 1495 937 1558 statui
946 1517 962 1557 a
971 1497 1055 1558 Vibio
1064 1545 1072 1573 ,
1082 1513 1141 1562 tam

149 1610 218 1675 apte
234 1596 346 1656 fontem
376 1593 537 1657 &cursum
561 1591 646 1666 hujus
670 1593 761 1653 amnis
796 1609 953 1659 enarrante.
1020 1596 1143 1676 Decepti

148 1694 214 1756 sunt
232 1709 334 1756 autem·
351 1693 452 1778 librarii
469 1709 506 1752 ex
524 1711 583 1752 non
600 1689 674 1752 bene
697 1703 833 1769 percepto
855 1691 963 1771 Virgilii
985 1693 1063 1756 eerlu
1091 1703 1140 1774 6³.

155 1792 185 1852 in
202 1790 262 1854 Eel.
280 1791 303 1853 l.

280 1887 373 1962 Ante,
399 1886 544 1970 pererratis
569 1889 702 1948 ambonem
722 1888 846 1964 finibus,
871 1887 938 1948 ‘exul
971 1897 974 1904 ’

276 1986 342 2046 Aua
356 1986 467 2045 Ararim
482 1985 602 2045 Parthus
619 1986 708 2054 biber,
729 2003 778 2045 aur
804 1989 945 2046 Geranam'a
965 1983 1072 2070 Tigrim.

149 2099 307 2164 Nonenim
323 2098 361 2159 ibi
383 2097 453 2160 illud
472 2089 711 2176 intelligendum,
733 2117 766 2160 ae
785 2097 802 2158 sr
820 2099 902 2161 fieret
919 2099 1059 2178 appositio
1070 2103 1143 2165 inter
1219 2081 1224 2090 ⁶

149 2199 261 2262 Ararim
272 2197 434 2275 &Tigrim,
452 2215 645 2274 nequaquam:
669 2213 750 2258 mena
764 2193 840 2258 ¹haec
854 2197 893 2258 est
913 2198 1039 2276 Virgilii,
1064 2201 1144 2275 priua

150 2311 269 2359 omnem
286 2279 425 2357 mutatum
438 2295 472 2355 iri
484 2312 628 2369 naturam,
646 2295 779 2357 Parthum
795 2306 873 2360 tanta
893 2297 1060 2358 confusione
1079 2319 1143 2377 per-

150 2395 297 2457 turbatum
314 2395 363 2467 iri,
380 2408 413 2454 ut
424 2393 461 2455 ad
470 2393 576 2454 Ararim
589 2394 659 2454 fines
679 2393 743 2455 suos
756 2409 889 2472 quaerat,
907 2399 1064 2468 decontra,
1076 2397 1144 2460 Ger.

150 2512 252 2554 uranus
268 2493 304 2552 ad
327 2492 455 2568 Tigrim,
472 2511 556 2568 quarn
572 2491 693 2553 Caesaris
710 2492 918 2570 ipsumob'iivio
931 2498 1030 2572 capiat.
1079 2497 1144 2558 Por'·

148 2592 195 2651 'est
215 2595 241 2652 de
264 2590 344 2652 aliter
364 2593 440 2651 reete
466 2591 589 2668 exponi,
613 2591 788 2652 hemistichia
807 2591 924 2656 secundi
952 2594 1047 2656 versus
1071 2584 1146 2656 divi.

152 2687 266 2772 dendo:
282 2689 357 2767 quafi
378 2687 501 2763 Ararim,
532 2687 626 2750 &sub
648 2691 710 2763 ejus
734 2691 851 2750 numine
875 2690 1014 2764 Galliam,
1034 2677 1143 2753 ¹Partha
1202 2741 1214 2764 .

150 2801 315 2866 opponatq·
333 2787 512 2849 Germaniam
534 2805 602 2847 vero
624 2785 733 2864 Tigridi
760 2787 789 2848 h.
811 2806 837 2852 e.
864 2788 1031 2848 Armeniae:
1072 2807 1145 2865 quae

148 2885 280 2965 duplices
307 2884 460 2947 sententiae
487 2885 523 2947 ad
550 2885 627 2946 idem
646 2885 776 2946 redeunt.
829 2886 920 2961 Atque
944 2885 1015 2944 haec
1031 2885 1145 2948 videtur
1259 2935 1260 2944 ,

146 2987 237 3048 etiam
258 2985 347 3046 Servii
372 2983 513 3046 sententia·
525 2983 624 3058 inille,
657 3001 743 3060 quem
767 2980 865 3043 misere
880 2989 1074 3046 laceraverunt
1102 2985 1146 3046 in.

148 3081 347 3160 terpolatores.
403 3080 518 3162 Itaque,
535 3082 622 3156 dicit,
642 3102 693 3162 per
716 3081 814 3163 ligrim
834 3081 862 3140 dr
881 3080 992 3141 Ararim
1019 3082 1080 3142 arde
1105 3085 1149 3142 ὀὶ·

146 3174 230 3254 versa
248 3179 311 3240 loca
328 3179 396 3240 inter
416 3173 449 3254 se
461 3178 624 3261 fignifiaarr,
668 3179 751 3238 Dicit
767 3180 836 3244 araim
854 3180 933 3261 prius
949 3181 1080 3244 Parthum
1107 3203 1144 3242 ex

147 3277 242 3340 Arare
256 3277 416 3346 bibiturum,
439 3277 467 3336 fr
489 3277 647 3350 Gemmarum
669 3298 703 3336 ex
728 3278 800 3360 Tigri
820 3277 871 3340 fra.
924 3279 1003 3341 Haec
1028 3281 1144 3358 quidem

144 3375 239 3438 verba
268 3374 332 3436 sana
361 3374 441 3450 sunt,
480 3374 528 3438 sed
561 3375 758 3454 praecedentia
790 3374 854 3438 sunt
881 3375 963 3438 valde
999 3391 1144 3456 corrupta.

146 3473 232 3550 Quid
250 3475 327 3534 eninr
346 3475 417 3536 haec
439 3473 489 3534 fibi
505 3473 625 3548 volunt,
654 3474 690 3534 ad
706 3491 808 3535 vocem
828 3473 892 3532 exul
898 3494 907 3531 ε
930 3475 961 3532 id
977 3475 1144 3554 assParrAus

146 3572 178 3632 θ’
196 3571 355 3631 Germanus.
413 3565 512 3644 Caesar
530 3567 654 3645 seilicet,
668 3591 719 3650 pua
739 3573 805 3630 duce
823 3573 961 3636 Germanis
982 3573 1009 3630 (r
1030 3571 1145 3634 Paula

55 3675 57 3685 '
144 3671 254 3744 aiau,
274 3671 372 3730 milites
398 3668 508 3730 Ararim
539 3669 698 3730 Germaniae
728 3669 828 3746 flamma
855 3669 1004 3728 hibernam,
1062 3668 1144 3743 Quis·

144 3789 219 3832 aram
234 3767 330 3830 sensus
349 3770 380 3829 in
401 3768 445 3833 his
471 3768 588 3835 verbis?
624 3767 642 3828 sr
668 3767 746 3828 enim
769 3767 902 3830 biberunt
924 3784 961 3826 ex
982 3765 1058 3826 Arari
1082 3766 1144 3827 Par.

143 3868 194 3929 thi
205 3870 260 3931 &a
277 3887 326 3929 cur
343 3867 415 3930 illud
435 3865 694 3945 adeuimpollrbile
711 3867 855 3944 praedicat
870 3863 1022 3942 Virgilius?
1051 3864 1143 3940 adde,

145 3965 229 4044 quod
246 3967 274 4028 aa
289 3966 319 4026 in
335 3985 369 4028 eo
384 3965 546 4046 gloffemate
564 3967 630 4030 Arar
641 3966 672 4030 in
683 3965 833 4035 Germania
845 3976 985 4044 ponatur,
1003 3981 1089 4043 quem
1105 3978 1146 4026 ta·
