2800 4716
446 301 840 380 uncturae·
1055 307 1138 415 389·

134 469 167 534 in
192 471 314 552 periplo.
347 471 460 535 Dacicis
487 469 662 551 potissimum
689 475 805 550 Traiani
838 476 1068 558 expeditionibus
1100 501 1134 547 ea

136 575 214 651 regio
239 573 389 645 inclaruit,
413 573 441 634 dt
461 570 497 633 ab
512 572 569 633 hoc
589 591 663 632 aevo
689 573 720 632 in
742 573 884 651 lapidibus
909 593 1060 656 utramque
1084 601 1134 658 pa.

133 672 230 750 ginarn
246 672 323 733 facit
356 671 434 732 Nota
457 669 524 733 urbs
541 671 673 749 princeps
693 671 820 733 Colonia¹
832 672 917 751 Ulpia
934 675 1057 752 Trajana
1070 670 1134 740 Sar-

133 769 349 850 nizegethnsa,
373 771 454 846 cujus
473 785 661 835 monumenta
682 771 712 829 in
727 769 861 832 Danubio
881 771 1044 836 Pannonico
1066 776 1136 854 My.

134 868 191 930 lieo
212 869 330 947 collegit
367 869 472 930 Comus
489 867 640 930 lilarsrlius.
678 867 821 930 Dacorum
844 867 993 944 „hassiorum
1023 891 1132 934 memo·

133 967 205 1029 riam
225 967 324 1030 titulus
344 966 383 1028 sta
433 985 449 1027 e
475 967 622 1029 Antonino
651 967 697 1028 no
718 967 856 1040 dicataeq
893 987 980 1046 quem
1014 970 1140 1040 exhibet·

134 1064 271 1128 Gruterus
297 1084 359 1144 pag.
433 1064 509 1128 LIX.
533 1086 567 1141 u.⁸
591 1077 620 1135 8.
642 1063 780 1139 servavit,
805 1087 1053 1143 quorumnomen
1077 1089 1130 1148 op-

133 1163 234 1240 pidum
256 1158 334 1243 Jaffy
352 1163 497 1241 hodieque
519 1165 632 1228 retinet.
687 1163 864 1228 Peculiarem
887 1168 979 1244 gentis
1009 1167 1130 1230 Dacicae

134 1281 246 1323 morem
267 1261 393 1328 recenset
413 1260 519 1330 Plinius
540 1262 573 1328 t:
589 1261 689 1328 XXII.
713 1281 738 1326 c.
761 1265 910 1324 1¹..Mares
926 1266 1003 1346 apud
1030 1266 1130 1325 Dacos

133 1359 321 1422 &Sarmatas
338 1381 448 1442 corpora
459 1351 514 1435 sua
537 1355 692 1436 inscribam.
733 1341 865 1438 Sequiori
893 1381 965 1428 aevo
988 1361 1073 1424 Dacia
1096 1363 1128 1425 in

134 1459 254 1538 primam
277 1463 305 1521 tie
327 1460 480 1522 secundam
500 1457 547 1524 vel
565 1460 596 1520 in
617 1461 755 1535 maiorem
771 1461 969 1538 minoremque
986 1452 1025 1522 eh
1039 1459 1129 1521 distri.

133 1556 210 1620 buta.
247 1557 323 1620 Prior
348 1577 462 1638 quoque
480 1558 601 1637 Gepidia
621 1560 704 1622 uitta.
742 1577 770 1620 v.
801 1557 960 1632 Jornandes
985 1557 1128 1620 derebus

133 1654 239 1717 Geticis
261 1675 323 1734 cap.
348 1677 394 1726 12·
413 1661 441 1720 dr
462 1658 614 1722 Ravennae
630 1677 767 1736 anonym.
797 1657 827 1720 L·
848 1657 871 1722 L
889 1677 916 1722 c.
941 1660 1018 1720 rc&
1034 1656 1126 1719 L.1v.

131 1771 157 1815 c.
187 1773 235 1838 14,
256 1737 352 1824 Divisa
368 1776 454 1836 porro
473 1757 504 1818 io
524 1732 735 1836 Ripensen'a
750 1755 1001 1821 Mediterraneum.
1022 1755 1131 1817 Suidae

132 1864 279 1935 tempore,
313 1869 344 1916 ut
373 1855 460 1922 resera
491 1853 569 1933 ipse,
597 1845 684 1921 ‘Daci
716 1853 906 1938 Parqinacitae
937 1852 1002 1917 sunt
1031 1849 1130 1930 appel.

131 1947 190 2017 lati.
233 1953 332 2018 Dacos
369 1951 574 2033 saepenumero
618 1953 713 2015 media
747 1966 839 2015 aetate
875 1953 1038 2018 vocitarunt
1062 1939 1129 2018 scri-
1219 2029 1222 2038 Ι

132 2059 253 2124 ptores,
275 2069 347 2130 quos
363 2054 464 2118 Danas
483 2053 579 2115 dicere
605 2051 770 2122 debebant,
790 2052 838 2130 qui
862 2049 990 2130 Angliam
1013 2049 1129 2119 infestae

131 2158 199 2214 runt
216 2164 464 2228 occupatumque.
477 2150 585 2218 Contra
603 2151 726 2216 Dareium
741 2151 812 2218 dicit
827 2155 880 2236 pr'o
899 2150 996 2217 nacta
1012 2147 1128 2223 Rau-ene

128 2263 181 2314 nas
205 2265 365 2334 anonymus
385 2250 416 2318 L.
434 2246 485 2320 lv.
502 2270 529 2312 c.
555 2270 602 2328 17·
647 2249 687 2318 0.
1129 2237 1132 2245 '

523 2397 717 2518 Dryopes
737 2517 740 2520 Ι

172 2591 304 2672 Virgilius
321 2594 391 2655 lleo.
421 2593 453 2660 L.
473 2594 520 2657 lv.
539 2617 567 2660 v.
591 2603 657 2670 146.

347 2731 360 2746 -
440 2695 569 2775 mixtique
586 2694 689 2754 altaria
723 2692 823 2756 circum

130 2843 132 2846 .
253 2786 390 2872 Cretesque
416 2789 590 2875 Dryopesque
613 2788 742 2872 fremunt.

128 2889 179 2954 ubi
199 2891 337 2953 Servius:
375 2891 504 2974 Dryopes
532 2891 628 2974 populi
656 2888 744 2972 juxta
767 2883 936 2967 Parnaffimt.
968 2897 1125 2955 <thohou
1140 2913 1154 2924 ·

170 2983 319 3067 Dryoppm
337 2989 453 3066 antiqua
476 3009 546 3068 gens
569 2990 727 3063 Graeciae,
763 3008 850 3070 quarn
869 2987 1005 3069 subegisse
1034 2990 1124 3053 fertur

126 3085 283 3161 Hercules,
305 3107 331 3148 v.
352 3087 519 3168 Apollodori
537 3087 673 3152 Biblioth.
704 3086 736 3151 Lo
760 3088 797 3151 ll.
837 3095 939 3165 capet
958 3089 985 3150 ἃ
1007 3106 1037 3165 7.
1063 3107 1126 3152 non

124 3186 163 3248 ad
188 3185 345 3252 Phocenses
367 3186 529 3265 spectabat,
553 3189 621 3266 quio
638 3191 734 3265 potius
754 3184 896 3250 Thessalia
918 3186 1038 3248 oriunda
1055 3186 1122 3261 suit,
1224 3187 1230 3196 '

123 3283 232 3368 inqua
257 3299 366 3364 praeter
387 3287 602 3364 quatuordecim
626 3277 712 3364 pagos
737 3286 807 3348 duas
838 3284 922 3346 urbes
959 3283 1121 3358 incolebat,

123 3379 292 3445 Heracleam
305 3402 339 3445 ac
360 3386 511 3467 Dryopen,
534 3386 701 3447 eandem&
724 3383 883 3444 Hemionerr
898 3382 1024 3455 dicium,
1051 3379 1122 3442 teste

124 3479 274 3557 Stephano
293 3481 362 3558 Byz.
388 3501 460 3544 voce
483 3484 588 3557 upvlnn.
603 3499 605 3510 ·
621 3483 688 3559 Ejus
709 3482 810 3562 populi
835 3500 936 3561 magna
955 3500 1040 3559 pars,
1069 3499 1124 3540 uo-¹
1147 3511 1150 3518 ·

124 3597 176 3641 uas
197 3579 354 3658 quaesitura
374 3581 475 3656 sedes,
498 3583 528 3643 irr
547 3579 776 3660 Peloponnesum
804 3580 953 3660 migravit,
983 3598 1012 3642 v.
1030 3577 1125 3647 Hero·⁴

124 3677 211 3741 dorus
232 3678 264 3742 L.
281 3677 358 3741 Vlll.
375 3700 402 3746 c.
422 3699 470 3760 74.
496 3680 597 3744 Strabo
616 3681 648 3744 L.
667 3679 722 3746 lX.
736 3700 766 3759 p.
781 3699 852 3758 434·
873 3681 900 3742 ir
919 3679 950 3739 ia
966 3676 1123 3751 Euboeam,

125 3795 155 3839 v.
175 3775 321 3838 Pausanias
343 3777 464 3841 Melien.
487 3799 512 3842 c.
541 3799 587 3857 34„
613 3779 702 3856 Quod
727 3779 820 3859 gentis
843 3779 874 3840 in
899 3776 988 3856 patria
1014 3793 1128 3837 reman-

125 3873 218 3950 serat,
249 3875 455 3952 trecensum,
478 3877 582 3956 quibus
601 3897 651 3956 par
674 3877 730 3939 eise
743 3877 820 3941 haud
845 3887 977 3956 poterat,
996 3873 1131 3935 dominio¹

127 3971 288 4049 subjeetum
313 3975 353 4037 est
371 3975 497 4040 successu
519 3977 686 4122 τεηψοτὲεῦ
717 3979 767 4056 qui
799 3977 827 4040 ἃ
856 3974 983 4054 ipsorum
1014 3974 1132 4054 regione

711 4079 724 4138 3
