2836 4718
410 322 411 326 ’
457 335 532 394 ΑΙ)
590 335 810 396 MONTES
1053 325 1132 430 325⁴

131 519 204 570 nus,
228 493 360 574 Maffieuo
383 491 622 576 &pulcherrirna
648 495 761 552 ommuni
781 490 919 569 Vefirvius.
948 494 1049 575 ltaque
1070 497 1129 558 ina.

134 621 191 660 nem
221 598 344 656 Gaurum
366 591 541 670 appellatum
566 607 648 670 putat
670 592 749 654 Cam.
774 591 956 671 Peregrinus,
980 596 1057 672 quod
1084 618 1129 658 ca·

132 717 187 760 vus
211 695 287 756 esset.
333 737 354 768 „
370 691 464 752 llabet
489 691 566 750 eninr
590 711 740 753 cavernam
774 711 860 752 unam
888 692 951 753 satis
983 710 1129 772 putentem

131 829 155 871 5,
179 793 270 856 oculis
291 794 319 852 de
344 789 501 867 grandem,
539 789 631 850 forma
664 789 804 852 srmillima
833 811 867 853 ac
895 805 1023 854 veterum
1048 795 1129 857 fuisse

9 895 10 926 ³
119 880 155 969 ¹„
178 889 454 969 amphitheatrorum
478 887 626 949 observare
645 888 692 950 est.
731 889 909 974 profunditas
927 909 987 966 eJus
1005 890 1129 954 altitudi-

131 1037 153 1067 ‚‚
176 1011 243 1051 nem
266 989 352 1066 ipsrus
381 988 487 1048 montis
509 1002 639 1064 aequat„
658 985 774 1064 ipsaque
799 1006 920 1048 caverna
947 987 1066 1066 superne
1095 991 1127 1050 in

131 1090 293 1168 „planum
317 1089 440 1165 aperitur
463 1105 559 1164 agrum
581 1085 793 1163 multorumque
824 1088 974 1172 jugerum,
1005 1088 1127 1150 mirabili

129 1233 151 1266 ,‚
174 1188 333 1266 praeditum
357 1185 517 1254 fertilitate,
542 1205 626 1262 quem
648 1184 703 1246 loci
725 1184 839 1246 accolae
862 1183 949 1262 vulgo
976 1186 1125 1262 appellant

118 1331 151 1362 η,
177 1284 367 1366 Campigsione.
378 1283 531 1344 Descensus
540 1285 569 1343 in
583 1303 646 1344 eam
659 1303 810 1345 cavernam
823 1303 881 1343 non
895 1284 977 1346 detur
986 1328 995 1355 ,
1005 1283 1053 1344 nisr
1070 1303 1122 1361 per

130 1429 154 1460 „
178 1403 267 1446 unum
282 1382 463 1444 solummodo
476 1383 605 1456 aditum,
631 1402 717 1460 quern
733 1383 825 1444 multo
843 1403 909 1446 curn
930 1382 1025 1443 labore
1044 1381 1126 1444 fuisse

130 1528 153 1558 „
175 1497 303 1559 apertum
325 1481 470 1560 quondam
486 1495 644 1559 apparet„
689 1481 821 1558 Denique
842 1483 966 1541 nominis
985 1482 1123 1559 originem

129 1581 230 1656 siquis
247 1582 385 1658 qtiaerat,
407 1598 444 1640 ex
464 1579 584 1642 Oriente
610 1581 764 1656 petendam
798 1580 880 1655 jubet
906 1579 1123 1642 D'Hancarville

129 1681 156 1738 in
181 1677 266 1754 praes.
292 1679 328 1739 ad
355 1676 417 1739 rasa
435 1677 551 1740 Etrusca
574 1677 662 1740 musei
683 1679 852 1740 Hamiltonii
867 1678 903 1740 T.
921 1678 942 1738 l.
965 1698 995 1756 p.
1014 1686 1061 1751 64.
1086 1697 1126 1740 ex

129 1797 197 1857 Ἢ
216 1774 322 1838 scilicet
343 1793 457 1839 montem
476 1776 624 1862 principem
648 1794 847 1856 nuncupatum
874 1791 1011 1844 autumat.
1055 1777 1092 1840 Ο.

537 1940 713 2028 Helicon

168 2139 330 2218 Propertius
351 2139 382 2202 L.
405 2139 456 2204 lll.
481 2139 552 2218 eleg.
578 2141 614 2207 V.
640 2163 668 2204 v.
695 2162 742 2219 19.

252 2241 301 2298 Me
319 2236 406 2318 juvat
427 2241 454 2300 in
473 2241 563 2321 prima
588 2237 694 2316 coluiffe
715 2238 846 2300 Helicone
869 2237 1002 2320 juventa,

132 2411 135 2418 Ι
294 2335 486 2419 Musarumque
510 2340 598 2400 choris
621 2333 776 2422 implieutffi
800 2359 903 2400 monus.

85 2456 88 2461 ·
126 2433 529 2513 eistetensium.
639 2491 643 2496 e

166 2534 295 2610 Aoniae)
309 2537 398 2596 llonia
415 2535 585 2596 essssoeotia.
601 2534 714 2596 Servius
728 2534 764 2593 ad
777 2533 884 2612 Virgilii
898 2533 953 2595 ecl.
966 2533 1016 2594 Vl.
1026 2554 1053 2593 v.
1066 2536 1119 2604 64:

122 2632 241 2696 Helicon
261 2655 335 2694 mores
356 2634 390 2715 ‘H
408 2632 556 2703 Boeotiae,
587 2653 655 2712 quae
675 2631 702 2690 se
725 2631 816 2690 Aonio
836 2631 943 2691 dicitur.
976 2629 1058 2692 ldem
1080 2630 1117 2692 ad

125 2731 229 2809 Georg.
249 2731 281 2794 L.
305 2731 358 2796 lll.
384 2729 454 2792 vers.
484 2751 530 2792 ιι.
561 2729 651 2790 Aonio
684 2729 804 2804 vertice>
838 2728 956 2789 Boeotio.
991 2727 1118 2788 Elicouia

123 2829 233 2908 (legito
252 2829 367 2905 Aonia)
392 2823 507 2910 ipsaejl
533 2829 666 2897 Boeotia,
684 2828 712 2884 in
729 2846 783 2906 qua
801 2827 835 2901 est
853 2825 953 2884 Elieon
981 2824 1130 2903 (Helieon'

122 2928 233 3006 legito)
259 2949 333 2988 mons
352 2929 444 3006 trufis
470 2929 588 2994 dicatus.
610 2929 636 2988 dt
658 2925 861 3002 Philargyrius;
887 2922 1003 3000 Aonio)
1034 2924 1117 2982 Boeo-

122 3028 183 3100 tio,
200 3027 271 3106 qood
295 3027 333 3086 ibi
349 3027 432 3109 primi
448 3026 540 3086 Aones
552 3024 671 3105 fuerunt.
711 3017 836 3100 Musas)
855 3023 971 3084 Helicon
988 3043 1061 3082 mous
1083 3023 1118 3103 ert

123 3126 218 3204 Mufis
233 3124 352 3186 dicatus.
373 3125 523 3188 Caeterum
537 3137 650 3204 poterat
669 3123 769 3186 Vibius
787 3125 826 3184 ita
840 3121 996 3199 scripsrsle,
1018 3139 1118 3198 queni-

78 3236 81 3245 '
120 3208 281 3286 admodum
307 3222 412 3302 scripsit
428 3223 607 3302 Porphyrion
621 3224 657 3284 ad
672 3223 769 3286 Horat.
785 3222 815 3283 t.
832 3221 854 3283 l.
874 3221 921 3281 od.
941 3238 986 3282 12.
1000 3218 1072 3283 vers.
1087 3241 1114 3292 ς.

121 3320 239 3383 Helicon
258 3338 347 3382 autem
367 3343 441 3382 mons
465 3323 593 3383 Boeotiae
605 3320 698 3399 Mufis
712 3315 800 3394 seecer.
824 3333 962 3384 HESSEL.
1043 3317 1116 3378 Scri·

120 3419 202 3500 pfiffe
220 3420 356 3495 Vibium,
384 3419 499 3482 Helicon
531 3438 620 3479 aurem
647 3440 722 3478 mons
749 3416 876 3477 Boeotiae
898 3417 987 3494 Mufis
1017 3408 1114 3488 sacer,

119 3537 183 3579 non
205 3517 276 3580 mihi
295 3537 364 3579 vero
385 3519 499 3582 videtur
518 3518 617 3594 simile.
655 3506 803 3594 Nusquam
826 3517 904 3576 enim
924 3533 975 3591 per
997 3529 1115 3574 ornnem

118 3615 250 3680 libellum
272 3615 354 3680 suurn
369 3618 424 3680 hac
450 3617 588 3696 particula
607 3616 644 3678 ad
666 3614 883 3692 conjungendos
904 3609 1036 3673 articulos
1059 3609 1117 3676 uti-¹

118 3730 184 3791 tur;
213 3717 299 3792 dein,
327 3716 405 3778 unde
423 3716 505 3779 suum
528 3716 634 3777 Aoniae
652 3713 828 3793 Boeotiaeque
854 3709 997 3782 hauserit,
1027 3705 1118 3767 mani·

117 3815 222 3878 festum
244 3815 291 3877 est.
316 3814 395 3878 Solet
409 3815 557 3892 Servium,
580 3814 744 3882 Lutatium,
764 3810 889 3889 aliosque
904 3809 1051 3870 Poetarum
1066 3821 1114 3863 ex-

103 3913 280 3993 planatores
300 3913 465 3976 exscribere.
488 3915 532 3976 De
549 3913 688 3976 Helicone
702 3913 761 3986 jam
779 3908 937 3986 aliquoties
967 3901 1049 3964 nobis
1074 3900 1115 3961 di-

118 4016 208 4076 oum.
234 4013 299 4076 Fuit
323 4016 456 4076 mons&
484 4014 597 4101 fluvius*
612 4013 714 4072 eodem
738 4011 864 4070 nomine.
889 4005 982 4068 Fluvii
1008 4001 1117 4062 mentio

556 4183 558 4190 .
659 4110 727 4186 Xs
