2780 4712
187 358 189 363 ,
266 311 341 410 148
505 300 690 374 Nosne
747 301 1064 368 tonsorum

263 511 293 555 v.
316 487 537 549 monumentum
563 467 749 534 Adulitarum
783 463 861 541 apud
890 459 1024 532 Chishull
1055 461 1145 540 antiq.
1177 459 1260 524 sistat.

264 610 293 668 p.
316 595 365 655 80.
390 597 416 642 S.
442 587 560 640 cn01x.
646 567 716 629 Non
736 561 856 637 desunt,
890 560 993 638 quibus
1019 561 1057 622 ad
1084 579 1168 622 veroa
1200 558 1262 622 Nili

263 688 360 750 fontes
386 676 506 740 omnino
532 663 689 748 penetrasse
711 679 859 724 nonnemo
883 660 1025 725 videatur.
1092 658 1128 721 ln
1153 657 1198 720 his
1223 656 1262 718 eli
1383 637 1384 668 ³

264 787 305 863 Le
330 783 445 856 limyra,
471 770 569 849 quiin
592 781 701 842 voyage
720 782 755 824 au
776 761 886 822 Levant
908 759 944 821 Τ.
965 758 1005 823 ΙΙ.
1031 757 1150 822 Paisrum
1180 770 1264 834 atque
1382 808 1383 821 q

264 881 428 950 Tellezium
448 873 479 933 in
504 868 620 945 regione
648 858 787 926 Sahalrala
817 855 1027 921 celebratiffimi
1052 857 1144 918 amnis
1167 869 1263 916 ortum

265 971 481 1061 deprehendisse
502 979 605 1030 narrat.
680 959 808 1036 Eamque
830 955 934 1018 horum
961 943 1179 1020 duumvirorum
1202 952 1265 1013 sen·

265 1081 386 1146 tentiam
401 1067 562 1134 testimonio
577 1060 694 1125 Illustris
719 1058 792 1126 viri.
808 1055 843 1119 ab
857 1055 1032 1133 Aethiopum
1056 1074 1122 1133 rege
1132 1053 1273 1116 Cahiram'

268 1163 407 1258 ablegati.
423 1171 488 1232 saris
509 1165 649 1244 superque
662 1158 802 1220 firmatam
818 1155 994 1232 pronuntiat.
1035 1153 1142 1215 Verum
1154 1150 1266 1228 potiora

265 1274 350 1352 sunt,
370 1289 442 1353 quae
462 1265 548 1329 tradit
565 1255 748 1347 D'llrrvillius.
806 1252 851 1315 De
867 1251 966 1315 cauffis
983 1253 1071 1315 annui
1099 1249 1264 1312 inundantis

266 1375 393 1442 fluminis
419 1361 589 1431 inerementi
611 1371 713 1418 notum
737 1352 943 1414 sententiarum
959 1351 1123 1414 divortium.
1164 1347 1266 1410 Nilum

267 1477 392 1544 Africam
410 1471 486 1530 inter
502 1461 649 1536 Asiamque
661 1453 816 1515 terminum
835 1449 979 1530 agnoville
995 1463 1124 1513 veterum
1141 1445 1267 1509 nonnul-

265 1575 330 1650 los,
354 1588 416 1635 tum
438 1564 536 1629 alienis
552 1558 629 1638 apud
643 1551 811 1617 Strabonem
836 1551 867 1612 L.
889 1549 925 1616 ll.
950 1569 979 1628 p.
1010 1555 1087 1623 126,
1117 1558 1178 1607 tum
1200 1563 1268 1622 pro-
1355 1591 1357 1596 .

269 1677 337 1757 priis
359 1667 441 1732 Plinii
459 1665 492 1728 L.
516 1659 615 1726 llio.
640 1676 665 1715 r.
683 1655 711 1714 ἃ
731 1651 830 1728 Pomp.
851 1647 947 1712 Melae
967 1647 999 1710 L.
1018 1647 1043 1714 l.
1071 1665 1096 1709 c.
1117 1665 1143 1711 r.
1171 1640 1267 1706 verbis

269 1773 388 1840 constat.
422 1760 512 1828 Simili
528 1757 617 1820 modo
637 1755 667 1814 in
683 1749 780 1813 tabula
797 1747 996 1811 Theodosiana
1015 1747 1086 1807 haee
1114 1741 1267 1821 leguntur:

266 1877 300 1956 js.
326 1862 481 1946 Nilusque·
507 1857 607 1921 dividit
629 1853 720 1934 Asiam
746 1849 773 1908 θ’
795 1847 913 1914 Libiam.
965 1843 1078 1923 Quibus
1103 1837 1268 1902 nominibus

170 1965 173 1973 ’
270 1975 342 2037 olim
368 1965 515 2048 insignitus
535 1954 634 2039 pallim
653 1950 740 2015 suerit
755 1945 862 2024 Nilus,
876 1944 994 2009 docebit
1010 1940 1146 2007 Ortelius.
1171 1937 1210 2002 0.

726 2129 813 2217 Nar

314 2363 453 2441 ruerem)
475 2380 504 2426 u.
521 2357 654 2420 Lucanus
673 2339 705 2412 1..
721 2336 745 2410 Ῐ.
763 2365 791 2408 v.
808 2359 877 2420 475.
905 2327 989 2401 Silius
1013 2335 1046 2401 l..
1063 2319 1142 2397 llll.
1153 2354 1182 2395 v.
1197 2345 1268 2408 452.
1383 2363 1384 2366 κ

274 2481 414 2548 Russus.
497 2455 634 2520 Umbriae
653 2450 783 2520 flumen,
809 2461 869 2503 non
891 2436 1083 2510 Sabinorum,
1105 2433 1192 2510 vulgo
1210 2433 1272 2495 Nar
1383 2463 1384 2496 f

272 2563 423 2638 salutatum
448 2547 567 2632 verum,
610 2545 847 2631 quandoquidem
866 2541 938 2600 inter
952 2551 1102 2612 utramque
1125 2533 1272 2612 regionem
1383 2555 1384 2560 .

272 2668 411 2733 terminus
428 2663 451 2722 is
475 2658 548 2731 suit,
563 2633 770 2718 cibiniensis
785 2640 849 2705 Ital.
867 2650 928 2703 ant.
949 2636 982 2701 L.
1000 2635 1038 2697 ΙΙ.
1064 2655 1089 2696 c.
1120 2654 1166 2694 ro.
1194 2629 1271 2692 haud
1361 2673 1364 2678 .

272 2771 312 2832 ita
327 2758 401 2828 male
419 2756 529 2824 Sabinis
545 2769 659 2832 quoque
675 2743 852 2808 adscribitur.
884 2735 995 2803 Veliam
1015 2734 1095 2794 larus
1107 2805 1111 2812 ,
1119 2727 1271 2812 ,sulphureis

272 2866 353 2948 aquis
377 2858 516 2921 exhaurire
532 2852 635 2915 dicitur
654 2847 744 2910 Plinio
770 2833 977 2903 uiliore.
999 2834 1157 2912 liberiorque
1176 2849 1210 2886 ex
1225 2827 1271 2884 lu's

269 2981 364 3047 pereas
383 2956 480 3041 replere
489 2996 501 3026 ‚
527 2974 541 3010 e
559 2965 647 3011 monte
659 2940 776 3021 fiscello
792 2939 895 3005 subeor.
918 2934 1051 3014 Virgilius
1071 2947 1184 3011 quoque
1196 2927 1270 2993 lien.

274 3059 306 3124 L.
332 3056 396 3119 vll.
424 3071 537 3128 v.517.
560 3051 599 3111 ita
634 3091 637 3097 .

404 3241 406 3248 Ι
442 3145 570 3239 Sulfuree
600 3147 663 3207 Nar
682 3140 762 3202 albas
785 3156 860 3219 equo
902 3161 916 3181 ο
957 3162 970 3184 .-
1011 3155 1026 3177 a

275 3274 329 3358 ubi
349 3269 462 3334 Servius
484 3266 595 3339 innuit,
612 3261 677 3322 Nar
695 3253 895 3336 appellatum,
918 3247 997 3326 quod
1017 3239 1115 3308 Sabini
1130 3240 1185 3302 bae
1201 3253 1276 3302 rooe'

206 3380 211 3398 '
271 3370 387 3456 sulphur
407 3370 588 3431 denotarent.
609 3360 733 3522 8qu
750 3368 847 3440 tamen
870 3360 931 3422 tuta
948 3345 1012 3408 satis
1028 3342 1080 3421 ipsi
1093 3340 1191 3404 Servio
1202 3331 1274 3398 liaeo

276 3469 471 3549 interpretatio
491 3464 568 3540 visa;
591 3480 607 3522 a
649 3459 671 3520 it
686 3457 785 3518 enim:
800 3453 860 3532 free
874 3449 947 3530 quod
959 3446 1038 3504 odore
1052 3435 1171 3520 sulfirreo
1196 3455 1276 3496 nares

277 3573 436 3653 contingat,
459 3567 518 3646 fiee
535 3562 608 3644 quod
625 3561 652 3618 r'rr
672 3557 779 3618 modum
800 3550 906 3612 aarum
932 3543 1049 3628 geminos
1062 3539 1160 3599 lrabeat
1173 3533 1276 3594 exitus.

276 3673 360 3750 Quae
377 3685 471 3729 merae
494 3663 560 3724 suist
577 3677 678 3738 nugae.
710 3651 831 3729 Reliqua
855 3646 932 3708 Vibii
955 3641 1041 3704 verba
1069 3657 1107 3698 ex
1135 3634 1180 3696 his
1204 3633 1281 3695 Stra·

276 3771 361 3832 bonis
382 3765 475 3830 verbis
501 3761 596 3823 lucem
619 3754 765 3831 accipiunt
798 3751 830 3814 1..
848 3747 882 3810 V.
909 3764 937 3822 p.
956 3755 1026 3817 227.
1063 3730 1222 3811 dilapso,
1247 3727 1280 3786 ir

275 3857 302 3931 rit
326 3865 392 3941 ῥιῖό
416 3860 469 3938 Naip
491 3857 613 3934 ποῖφμὶς,
637 3847 785 3928 reperimur
808 3836 845 3925 aqi
867 3843 961 3916 Τίβεμ
988 3841 1071 3914 petregio
1095 3833 1151 3905 ὑπὲρ
1178 3824 1280 3898 deoiu-

277 3968 450 4046 nerqmmt
469 3958 522 4024 Ν
541 3949 663 4034 predam
682 3942 814 4026 adorco.
857 3934 1078 4010 recensuerit
1100 3931 1279 3995 interamna.
