2798 4710
449 737 520 822 De
546 736 616 820 lroc
644 733 837 854 praesenti
874 733 1052 821 editione.

342 967 561 1064 uteunmin
581 961 644 1034 hac
664 984 740 1034 mea
764 959 904 1032 demum
925 961 1037 1054 opella
1056 957 1128 1054 ipse
1155 987 1252 1058 prae.

358 1080 521 1161 stiterim‚
539 1078 657 1169 paucis
681 1077 834 1166 eloquar.

297 1263 475 1362 Lediionis
493 1261 696 1332 varietatem
723 1255 765 1327 ab
792 1257 1025 1348 interpretum
1056 1257 1252 1332 adnotatio.
1372 1336 1374 1340 v

251 1361 357 1452 nibus
387 1393 493 1466 atque
523 1372 732 1465 conjecturis
754 1366 1005 1464 sejungendam
1040 1371 1136 1444 duxi.

219 1615 222 1624 ,
301 1562 425 1650 ltaque
447 1553 548 1626 Vibii
585 1549 752 1646 opusculo
777 1547 868 1643 ipfi,
896 1569 1069 1644 quantum
1092 1551 1171 1626 fieri
1193 1579 1256 1648 po*

253 1678 323 1746 tuit
351 1668 529 1742 emendate
559 1660 718 1748 ericusa,
755 1687 842 1757 quae
884 1661 1110 1758 discrepantia
1146 1670 1253 1740 verba

256 1813 300 1860 ex
328 1786 488 1857 codicibus
504 1781 601 1852 Revii
623 1781 811 1853 &natandi
830 1779 863 1852 δι
889 1779 1086 1881 Heinfionae
1110 1787 1257 1856 collatio-

255 1904 311 1973 nis
350 1898 555 1996 apographo,
595 1899 751 1988 itemque
774 1917 817 1966 ex
848 1898 985 1968 editione
1012 1900 1200 1970 Florentino
1223 1903 1257 1972 do

258 2017 420 2109 Tolosana
461 2027 598 2082 notarat
621 2006 820 2090 Heffelius,
866 2010 981 2081 adlevi
1009 2015 1048 2081 in
1078 2013 1254 2102 margine,

258 2129 400 2224 adjediis
426 2127 459 2196 a
481 2126 550 2204 iis,
590 2145 677 2214 quae
712 2124 751 2191 in
774 2120 911 2191 duobus
946 2122 1106 2220 Paristnis
1130 2122 1258 2194 codici-

259 2244 326 2315 bus
351 2258 456 2332 atque
477 2233 716 2332 Mediolanenfi
734 2225 874 2304 differre
898 2229 982 2307 sunt
1001 2232 1083 2306 visa.

261 2463 264 2471 .
310 2441 366 2513 Sic
384 2459 473 2556 ⁴ergo
497 2429 559 2504 ser
582 2431 743 2506 codicum
768 2427 923 2526 adspersa
943 2427 1026 2505 sunt
1047 2430 1255 2518 discrimina.

309 2628 500 2711 Parisinus,
524 2631 715 2723 quorumi.
740 2629 788 2700 est
806 2652 841 2707 n.
864 2639 981 2720 '4808.
1012 2631 1056 2708 Π.
1086 2657 1121 2703 n.
1154 2642 1260 2722 8413.

260 2748 301 2818 in
330 2742 433 2817 usum
457 2767 574 2814 meum
602 2761 683 2816 ante
718 2744 786 2816 hoc
818 2747 1011 2816 triennium
1037 2745 1261 2836 promtissima

263 2862 445 2932 voluntate
480 2860 632 2930 contulit
672 2883 753 2930 oum
783 2854 975 2930 Heffeliana
1016 2857 1168 2928 editione
1204 2861 1262 2930 vir

266 2971 480 3044 Clarisfimus
507 2991 611 3066 argue
642 2966 885 3043 Nobilissimus
901 2965 1079 3044 ‘mannis
1111 2991 1286 3046 eunoun,

266 3103 388 3160 omnn
426 3105 475 3158 ue
515 3101 878 3162 ιΑιΒιΑΝεΗεΜΕ,
915 3084 973 3153 cui
1013 3079 1081 3153 hoc
1119 3088 1262 3158 nomine

266 3220 473 3292 magnopere
504 3220 558 3268 me
593 3194 796 3290 obiitidium
824 3191 1006 3288 profiteor.

315 3374 611 3454 Mediolanensem
636 3359 926 3450 eoadem-mun.
950 3399 1152 3452 Tflnooon.
1169 3397 1265 3453 ono-

269 3514 412 3568 Novqu
452 3494 538 3563 olim
572 3487 786 3570 excufferot3
825 3493 939 3584 cujus·
963 3492 1197 3564 animadversa
1226 3495 1266 3562 in
1387 3529 1389 3536 v

271 3609 378 3682 variis
397 3603 646 3700 Geographicis
677 3605 789 3698 Lugd.
817 3605 888 3676 Bat.
909 3586 953 3676 a.'
970 3623 1075 3692 1739.
1103 3604 1213 3678 forma
1234 3615 1267 3688 8.

271 3718 405 3814 publici
435 3718 524 3815 juris
550 3715 633 3790 fecit
672 3718 756 3797 Abr.
788 3720 1004 3791 Gronoviuo
1063 3723 1197 3810 ,Quem
1228 3721 1270 3790 li-

271 3831 403 3904 bellum
441 3857 503 3926 pro
543 3829 705 3906 consueta
747 3829 806 3905 sua
848 3833 1064 3906 humanitate
1098 3833 1269 3905 utendum

963 4238 967 4246 Ι
1068 4111 1076 4192 i
