2830 4716
273 343 353 416 214
485 327 670 390 uorou
727 312 1042 392 ventorum

259 461 316 559 'stc
339 495 367 556 o
389 489 494 554 runnu
515 489 549 555 n.
569 485 622 550 111.
649 504 675 548 ο.
708 497 735 556 t
767 503 842 544 amne
874 485 948 552 um
978 486 1016 546 a
1045 484 1132 554 mm
1156 485 1272 575 aaut„

271 590 450 668 Narborunfis
464 585 618 678 provintia.
661 581 813 659 Hodieque
839 583 912 646 Vara
933 596 1063 654 vocatur.
1110 587 1148 652 0.

688 745 856 838 Ululeus

310 950 407 1017 Hodie
418 947 555 1030 Argentea
582 946 687 1010 dicitur
716 946 748 1008 in
768 943 864 1008 tabula
884 942 1022 1015 Graeciae
1039 945 1201 1012 D'rlnviilii.
1236 950 1273 1016 ln

273 1050 371 1114 tabula
386 1047 506 1110 Calialdi
526 1045 653 1110 Ortelius
672 1045 822 1107 invenerat
843 1044 971 1126 Argeum.
1020 1044 1101 1106 Idem
1134 1048 1208 1110 Vibii
1234 1048 1277 1116 lo·

273 1170 340 1217 cum
361 1149 430 1217 citat
445 1147 499 1212 lic·
524 1143 641 1213 [sluleus
649 1142 758 1222 fluvius
780 1141 1007 1224 Dyrrachiiest,
1035 1165 1070 1204 ex
1090 1166 1142 1224 quo
1163 1147 1279 1237 Dyrrm

274 1249 333 1310 clio
354 1247 534 1328 ministrantur
545 1263 640 1325 aquae.
672 1240 807 1303 Verum
799 1256 838 1303 tta
855 1241 1005 1304 luctacius
1022 1239 1130 1314 habet
1151 1244 1189 1306 ita
1204 1265 1276 1323 quo·

218 1403 222 1423 ,
274 1367 331 1428 quc
356 1347 485 1408 ineditis
505 1343 544 1406 est
564 1339 742 1404 Vibiilibris
778 1338 874 1405 Paullo
889 1338 994 1401 alitct'
987 1357 1016 1401 m
1041 1337 1169 1418 scriptis,
1204 1362 1276 1421 quot

274 1447 370 1508 sumus
392 1444 490 1514 secuti.
535 1440 664 1506 Dubium
684 1439 726 1502 est
742 1440 780 1500 dc
797 1451 928 1513 caetero,
955 1435 1070 1503 Ululeus
1097 1458 1134 1499 an
1158 1439 1278 1507 Ululeus

274 1537 350 1608 recte
370 1546 498 1624 dicatur,
523 1541 633 1604 nemini
654 1552 766 1616 practer
785 1537 913 1602 nostrum
953 1549 1049 1602 notus.
1090 1535 1280 1600 sedulitatem

276 1644 372 1720 Vibii,
387 1644 418 1704 in
430 1642 606 1722 Dyrrachina
622 1636 811 1720 topographia
832 1634 1037 1716 conspicuam,
1055 1635 1284 1715 supraanimad-

274 1742 413 1811 vertimus
432 1759 463 1824 p.
487 1758 537 1822 7¹·
579 1737 617 1810 Ο.

683 1900 872 2016 Vestinus

560 2039 571 2071 l
955 2068 958 2074 .

319 2095 390 2165 Non
421 2100 532 2165 videtur
550 2098 650 2162 Vibius
667 2096 709 2169 sat
726 2098 801 2168 bene
816 2097 925 2165 Lucani
942 2095 1028 2162 verba
1053 2095 1215 2176 percepiiic.
1237 2099 1278 2168 ita

279 2200 358 2266 enim
384 2199 434 2268 ille
459 2200 490 2268 L.
510 2197 547 2266 ll.
573 2218 599 2262 v.
615 2217 687 2273 422.

792 2292 926 2363 delabitur
945 2292 1007 2363 riade
1018 2335 1030 2364 ,

405 2389 604 2486 Vultumsqut
617 2393 708 2474 celer,
728 2395 916 2483 nummoque
938 2392 1025 2458 editor
1048 2413 1133 2458 aurae

406 2495 511 2558 Samus
522 2538 533 2572 ,
554 2493 582 2559 d·
603 2488 744 2568 umbrosae
767 2493 842 2554 liris
861 2513 910 2581 per
931 2513 1011 2584 regem
1037 2491 1169 2560 Masitae

409 2594 518 2676 Vestinis
550 2587 681 2675 impulsus
699 2590 789 2672 aquis.

283 2708 333 2772 ubi
349 2707 420 2772 Liris
442 2707 545 2776 diciurr
559 2707 679 2769 Vestinis
696 2703 835 2783 impulsus
854 2707 953 2783 aquis,
977 2725 1038 2771 noo
1056 2721 1151 2769 autem
1164 2708 1277 2777 Sarnus.

285 2809 399 2876 Etenim
423 2828 439 2878 a
461 2807 574 2872 Vestino
593 2805 702 2886 populo
721 2804 798 2873 haud
816 2803 902 2883 longe
926 2805 1035 2870 recedit
1055 2806 1144 2881 Liris,
1158 2805 1283 2888 longiffr·

287 2923 335 2970 me
352 2927 422 2971 vcro
440 2907 555 2970 Sarnus.
590 2903 729 2984 Equidem
745 2905 865 2982 opinor,
897 2902 934 2964 stc
954 2902 1029 2964 male
1055 2903 1200 2986 intelletio
1229 2907 1284 2970 Lu·

149 3005 158 3022 '
286 3023 382 3078 cano,
417 3017 518 3071 natum
541 3003 597 3070 elie
617 3002 963 3080 Vestinum‘Campaniac
991 3002 1108 3090 flumen.
1143 3018 1281 3072 nassau.

326 3104 357 3164 ln
377 3102 584 3168 Mediolanensi
604 3105 632 3164 ἃ
649 3101 774 3170 Parifiois
790 3100 938 3169 codicibus
959 3100 1042 3173 istum
1064 3103 1214 3172 articulum
1233 3107 1284 3176 de-
1404 3153 1405 3180 p

286 3201 397 3280 fiderari
414 3200 545 3271 suoloco
566 3201 699 3266 diximus.
743 3199 1060 3270 cummunionem
1077 3203 1109 3266 L.
1127 3201 1179 3272 111.
1192 3225 1218 3267 c.
1237 3226 1285 3272 ro.
1404 3233 1405 3242 ¹

242 3307 243 3310 ’
287 3315 372 3379 atquc
387 3299 542 3372 Camillum
559 3299 740 3378 Peregrinum
757 3301 794 3368 de
809 3300 964 3384 Campania
977 3300 1073 3370 Felice
1090 3301 1157 3372 uiis.
1168 3303 1204 3374 11.
1215 3324 1241 3373 c.
1252 3325 1281 3384 7.

166 3436 169 3445 ·
288 3399 309 3463 fi
327 3399 528 3476 consulamus,
547 3399 623 3478 apud
640 3397 787 3468 Lucanum
803 3398 956 3478 legendum
975 3399 1014 3463 est
1049 3467 1053 3490 ,

419 3494 538 3584 Vestinis
560 3492 691 3584 impulsus
718 3498 806 3594 aquit.

288 3599 402 3664 Scilicet
425 3613 536 3677 practer
555 3617 654 3686 agrum
683 3597 860 3678 Vestinorum,
879 3597 928 3675 qui
949 3597 1018 3662 inde
1039 3618 1056 3661 a
1075 3597 1203 3663 fontibus
1229 3601 1287 3664 Vo·

288 3699 384 3773 mani,
406 3696 567 3760 Matrini&
593 3696 691 3758 Aterni
711 3696 748 3764 ad
768 3715 845 3757 mare
869 3696 1060 3774 habitabant,
1091 3716 1152 3764 erat
1173 3705 1200 3764 ἃ
1221 3722 1288 3785 ager

297 3791 443 3871 Vestiam
468 3795 601 3858 Ciceroni
620 3811 793 3856 memoratus
827 3796 864 3856 dc
882 3796 945 3876 lege
970 3799 1081 3876 Agraria
1100 3814 1201 3863 contra
1218 3801 1289 3864 Rul-

290 3891 352 3956 lum
375 3895 412 3958 li.
436 3911 485 3969 25.
512 3892 562 3955 ubi
579 3892 638 3955 sic:
661 3893 788 3952 Albanus
813 3917 877 3977 eger
892 3898 942 3980 est:
964 3896 1092 3968 Selinus,
1120 3899 1290 3972 Privernas,

290 3993 460 4064 fundanus,
481 3989 627 4069 Vescinus,
654 3990 806 4069 Falernus,
840 3993 984 4068 Liternus,
1021 3996 1172 4067 cumanus,
1217 3999 1293 4078 Cufi-
