2798 4710
146 237 302 346 'wi
594 252 930 390 eoe,

214 447 313 524 sexto
334 448 449 524 forseri
468 467 526 524 aut
541 447 686 544 septimo
706 450 846 524 demum
866 448 1013 526 saeculo.
1050 453 1092 528 Id
1118 481 1205 550 quae

189 646 192 652 ,
216 563 306 642 mihi
323 566 567 660 persuadeant,
592 567 719 657 accipe.

264 765 385 840 Statim
401 761 488 836 illud
515 759 563 835 est
584 779 680 834 extra
698 783 838 833 omnem
856 759 1085 838 dubitationis
1099 765 1209 870 ajeam

213 876 388 972 politum,
414 898 487 952 uon
508 899 551 946 ex
573 873 652 968 ipfis
672 875 790 948 Poetis
817 871 994 967 profeeiffe
1011 880 1118 971 magis
1140 878 1209 950 Vi·

213 989 334 1071 bium,
365 1009 469 1082 quam
504 1013 547 1066 ex
576 1011 699 1066 eorum
727 983 915 1062 scholiastis
947 1011 985 1064 ac
1007 992 1211 1084 interpreti-

215 1101 281 1178 bus
293 1150 306 1184 ,
328 1101 515 1193 inquibus
536 1105 685 1178 maxime
714 1102 878 1174 Servium
904 1106 1087 1195 permultis
1120 1107 1206 1183 locis

216 1218 443 1289 excitavimus
452 1244 464 1297 3
489 1211 619 1308 respice
643 1211 858 1308 potiffimum
885 1215 926 1288 ad
950 1241 1024 1311 pag,
1056 1217 1208 1298 nostram

214 1346 295 1418 309.
319 1330 382 1406 ubi
403 1333 563 1420 Catillus,
581 1314 711 1412 'Coram
729 1345 876 1402 montes.
935 1331 989 1404 De
1008 1332 1208 1428 LaetantiO,

214 1443 315 1536 cujus
337 1461 456 1516 extant
480 1463 682 1538 argumenta
707 1441 1032 1538 metambrphoseon
1063 1447 1208 1536 ovidii,

210 1555 304 1636 idern
319 1555 480 1631 hariolari
495 1555 615 1638 sumus
630 1557 673 1636 ad
690 1557 885 1634 Turonium
898 1562 1065 1656 paludem.
1089 1555 1132 1638 ef.
1150 1563 1206 1632 in-

211 1664 263 1747 fre
289 1695 364 1770 pag.
397 1681 480 1770 286.

426 1843 429 1850 .
605 1827 616 1854 0

264 1869 360 1941 Dein
380 1871 556 1965 complura
572 1865 654 1944 sunt
672 1873 815 1944 nomine
829 1868 921 1965 apud
938 1869 1107 1955 nostrum,
1117 1897 1206 1965 quae

210 1979 378 2061 Romanis
402 1981 629 2082 scrrptoribus
651 1982 770 2076 priscis
786 1987 926 2085 ignota,
957 1981 1097 2078 sequior
1110 2001 1203 2056 aetas

210 2089 275 2165 fibi
291 2099 454 2172 vindicat.
497 2099 690 2198 specimina
706 2099 758 2172 rei
784 2097 918 2168 dabunt
938 2094 1082 2167 flumina
1100 2097 1206 2177 cami..

212 2234 287 2302 cus,
304 2211 499 2311 Casilinum,
513 2213 546 2282 E
537 2211 617 2316 fia,
632 2211 750 2280 Ilerda.
801 2209 855 2284 Ex
877 2207 1057 2282 montibus
1073 2209 1205 2285 Bebius.

210 2315 264 2394 Ex
280 2326 443 2418 gentihus
454 2326 623 2396 Pannonii
637 2326 774 2418 lllyrici.
825 2323 921 2402 Haec
943 2324 975 2394 &
1000 2319 1121 2394 fimilia
1137 2325 1206 2418 igi-

132 2463 135 2474 ’
213 2450 297 2519 tur,
330 2440 514 2526 inquibus
534 2437 646 2512 statim
673 2460 761 2531 aqua
784 2431 966 2517 haeserat,
997 2460 1040 2508 ex
1066 2435 1207 2536 Stepha·
1255 2513 1258 2520 ,

212 2572 260 2619 no
285 2549 367 2642 Byr.
401 2553 601 2630 Ravennate
633 2575 828 2648 anonymo,
868 2549 1097 2624 Constantino
1126 2551 1210 2624 Por-

211 2661 360 2762 phyrog.
393 2663 537 2760 aliisque
570 2667 842 2760 explanavimus.
893 2663 1020 2758 Neque
1050 2662 1209 2740 dubitare
1310 2715 1330 2744 ,

213 2769 264 2850 fas
285 2777 350 2862 est,
374 2782 460 2876 quin
480 2804 523 2858 ex
542 2781 607 2864 iis,
629 2804 716 2872 quae
744 2773 886 2872 prorsus
909 2780 1027 2876 ignota
1050 2799 1207 2867 perman-

214 2885 287 2961 sere
309 2895 340 2972 δι
365 2893 489 2975 dubia,
526 2895 694 2966 nonnulla
727 2889 874 2966 feliciter
904 2891 1135 2966 extriceturus
1165 2886 1208 2961 fir

212 3004 290 3088 ille,
324 3009 382 3078 cui
401 3002 449 3078 sat
464 3009 529 3088 otii
550 3003 775 3099 suppetierit,
803 3022 843 3076 ut
864 3001 930 3074 hae
960 2995 1075 3074 merite
1109 3025 1208 3074 cura-

213 3119 286 3212 tius
312 3119 418 3192 medii
435 3123 512 3193 aevi
527 3116 651 3211 scripta
666 3119 827 3190 evolvere
842 3133 958 3212 queat.
985 3111 1205 3208 Exspetiunt²

211 3249 380 3330 utputo,
407 3231 497 3304 hanc
515 3235 681 3308 medicam
703 3254 845 3307 manum
868 3230 960 3326 apud
976 3227 1132 3304 nostrum
1154 3235 1209 3303 in-

213 3361 267 3420 ter
294 3347 358 3419 alia
387 3349 496 3430 Cirta,
521 3349 671 3429 Fatuus,
709 3348 858 3417 Endrius
886 3343 1010 3424 fluvii3
1037 3346 1232 3439 Spandeus·

211 3454 312 3540 fone:
341 3461 844 3558 Coras,0mptie,1’ytams,
863 3457 1042 3559 Srcfiarus,
1062 3459 1210 3534 Tenirrus

212 3595 362 3656 montes.

212 3755 217 3764 ¹
264 3792 446 3868 Pertinent
461 3787 629 3864 haetenus
651 3790 742 3864 dieta
758 3783 860 3864 fimul
878 3809 919 3858 eo
925 3801 990 3870 ,ut
1006 3783 1210 3878 quaeVibio

219 3903 406 3980 tribuenda
420 3903 462 3978 fit
474 3907 673 3989 auctoritas,
689 3901 854 4000 quodque
871 3895 976 3995 ipfius
998 3902 1094 3994 operi
1108 3898 1210 3973 statui
