2798 4710
521 319 758 460 ded
877 369 879 374 ·
1086 335 1138 464 xi

139 547 192 606 ter
221 553 259 601 ea
280 497 406 618 scripta
428 525 630 608 volumine,
666 551 754 619 quae
779 525 948 599 Monachi
973 503 1142 625 Neapoli·

139 647 234 733 tani,
254 635 489 714 studiosorum
508 635 692 710 hominum
716 637 852 713 sedulae
870 645 975 715 nimis
1003 647 1036 717 dc
1059 672 1142 722 one·

141 754 235 829 rosae
253 753 319 826 fibi
342 771 445 825 curae
466 749 630 845 pertaeli‚
656 755 751 832 ultro
780 749 823 829 nd
851 755 1047 830 Gaetanum
1079 763 1142 834 Ar.

29 929 31 933 .
145 871 299 964 gentium
325 867 537 940 detulerant.
590 865 723 940 Eorum
749 865 871 942 seriem
889 873 1007 945 Italica
1023 875 1143 968 lingua

145 986 382 1056 concinnatam
402 1003 422 1052 a
445 981 526 1054 Nic.
552 979 724 1066 Forlofia‚
747 981 982 1061 Bibliothecae
1004 987 1144 1060 Vindo-
1205 1075 1209 1082 ,

144 1093 302 1168 bonenfis
326 1093 495 1178 custode,
516 1093 660 1167 exhibet
673 1097 847 1170 Kollarius
867 1101 905 1170 in
924 1096 1143 1193 supplemen-

142 1215 185 1284 tis
206 1213 542 1284 commentariorum
559 1211 595 1282 P.
612 1209 788 1282 Lambecii
801 1211 843 1282 de
857 1213 943 1284 Ribl.
966 1211 1141 1286 Caesarea.

140 1326 292 1399 Additur
309 1323 460 1406 ibidem,
482 1324 583 1395 Vibii
600 1324 754 1398 codicem
777 1324 882 1396 istum
902 1327 1055 1400 multum
1071 1329 1144 1399 lau·

143 1429 259 1510 dutum
286 1433 349 1508 ell'e
380 1439 465 1509 olim
495 1435 686 1509 dodiffimo
708 1438 928 1512 Mabillonio.
982 1441 1031 1516 dn
1057 1438 1143 1514 serie

34 1637 36 1642 ¹
143 1570 331 1638 memorata
356 1553 473 1625 locum
498 1568 644 1645 occupat
672 1562 730 1640 69.

196 1751 263 1821 13-
276 1749 332 1825 14.
360 1735 468 1827 Regia
488 1729 683 1806 Parisrenfis
700 1729 917 1807 Bibliotheca
934 1735 1005 1808 duo
1021 1759 1144 1809 recon-

156 1846 203 1918 dit
221 1847 320 1919 Vibii
343 1848 471 1930 libros,
487 1848 589 1919 ambo
610 1851 648 1919 in
674 1871 784 1919 meam
813 1853 958 1941 gratiam
980 1851 1144 1934 collatos,

25 2023 27 2028 .
152 1985 300 2053 quorum
314 1965 400 2034 ulter
423 1965 462 2034 in
484 1933 716 2055 pergameno,
744 1963 830 2032 alter
857 1965 895 2033 in
921 1958 1040 2034 charta
1063 1959 1146 2034 scri-

62 2141 64 2146 ,
146 2093 225 2167 ptus
237 2094 340 2148 extat.
357 2077 418 2148 llle
433 2078 472 2147 in
484 2073 570 2147 serie
583 2073 631 2148 est
641 2076 687 2148 N.
700 2083 809 2166 4808.
823 2099 867 2146 ex
883 2071 1018 2148 saeculo
1032 2075 1142 2156 XIV.

29 2253 32 2256 .
147 2187 205 2260 hic
221 2214 367 2261 numero
393 2199 501 2280 8413.
519 2207 660 2261 centum
676 2193 777 2262 annis
802 2187 874 2260 fere
890 2193 1064 2262 recentior
1082 2171 1153 2268 elle.

146 2303 299 2378 videtur.
349 2302 408 2376 Isti
431 2303 593 2398 iungitur
614 2304 751 2377 Aethici
771 2301 1146 2398 Colmograpbiacum

32 2417 42 2473 ἐ
146 2419 244 2497 aliis3
279 2415 363 2489 huic
398 2417 530 2490 accedit
561 2418 739 2490 indiculus
777 2417 922 2509 urbium
952 2418 1084 2488 Galliae
1114 2421 1146 2490 dc

147 2536 407 2622 provinciarum
425 2513 563 2625 imperii
581 2534 742 2604 Romani.
777 2533 854 2603 Hos
872 2531 1058 2623 Cetalogus
1067 2533 1143 2604 MS.

143 2642 329 2736 imprellue
347 2641 520 2726 recenset3
546 2643 844 2736 Montefalconius
871 2647 911 2716 in
936 2644 1024 2716 Ribl.
1056 2644 1143 2716 Bibl.

142 2759 220 2832 MS.
247 2775 349 2830 notat
366 2778 541 2852 praeterea
556 2761 711 2832 codicem
731 2760 779 2834 N.
802 2779 905 2848 5997.
924 2762 987 2850 qui
1003 2759 1145 2850 jundius

10 2869 11 2880 ³
143 2869 189 2944 fit
214 2873 364 2946 Pindaro
394 2875 435 2947 de
463 2873 591 2967 Trojae
614 2872 749 2946 excidio
756 2900 768 2952 3
803 2895 929 2946 verum
953 2873 984 2940 ie
1018 2893 1038 2940 a
1070 2869 1146 2940 cod.

32 2985 34 2988 ’
143 2987 194 3058 Ν.
218 2996 327 3076 8413.
346 3012 420 3062 non
445 2982 572 3097 differt.

198 3186 258 3258 15.
282 3170 386 3262 Apud
405 3171 536 3264 Anglos
558 3171 711 3242 occurrit
726 3165 836 3242 codex
854 3163 898 3242 Is.
919 3161 1054 3250 Voffii,
1081 3168 1148 3240 Ca-

148 3287 276 3354 nonici
292 3281 600 3369 -Windsorieofis,
616 3285 655 3354 in
671 3280 882 3366 bibliotheca
905 3282 1043 3374 collegii
1066 3282 1150 3354 Eto-

147 3394 279 3470 nenfis.
331 3401 483 3488 Junduc
500 3397 546 3470 est
562 3399 755 3491 Pomponio
771 3397 895 3471 Melae.
923 3395 1024 3488 Apud
1047 3389 1160 3468 Colo-¹

148 3509 295 3583 mesrum
323 3515 362 3583 in
386 3513 521 3584 Latinis
546 3511 594 3584 est
614 3513 662 3585 N.
685 3506 768 3600 227.
802 3535 836 3582 v.
865 3509 940 3602 ejus
970 3530 1073 3599 opera
1104 3506 1149 3576 ob

21 3659 24 3666 ·
155 3625 226 3708 loh.
246 3625 327 3698 Alb.
344 3626 504 3720 Fabricio
523 3626 719 3719 Hnmburgi
738 3619 853 3694 emilia
878 3645 907 3692 a.
937 3639 1041 3708 1709.
1105 3619 1149 3690 ln

160 3742 305 3833 catalogo
331 3741 408 3813 MS.
436 3737 695 3814 Oxonienfium
710 3739 748 3822 P.
765 3737 811 3810 ΙΙ.
830 3735 878 3809 N.
893 3750 1000 3824 2552.
1042 3731 1152 3802 Hunc

156 3851 307 3925 codicem
339 3846 409 3928 sese
443 3853 670 3928 lustraturum
705 3848 937 3946 spoponderat
964 3841 1147 3918 Heffelius.

39 3987 42 3990 ·
148 3960 200 4036 Ita
217 3969 282 4041 ille
298 3971 339 4040 in
356 3964 590 4061 praefatione:
645 3967 851 4062 „Libenter
876 3976 1010 4055 arrepta
1041 3955 1151 4032 facul.
