2780 4712
408 317 482 378 an
541 317 799 381 nsunrun
1047 335 1124 420 ¹09
1172 401 1179 425 A

125 479 207 562 getae
227 471 374 559 riynrphae
396 473 478 551 filio,
501 473 558 538 hoc
577 475 612 538 ab
627 475 733 538 Eurota
763 477 1012 546 Lacedaemonunr
1034 486 1124 566 impe·

127 595 247 648 rasore,
277 591 401 653 utroque
435 569 520 636 undis
548 588 651 653 rapto,
683 589 825 639 exortum.
908 581 981 644 Cum
1014 582 1125 663 Alpheo

128 679 265 742 Euroram
288 675 381 738 undas
401 669 539 744 miseere,
560 671 764 752 communique
776 674 864 738 fluere
884 677 966 741 alveo
986 681 1021 742 ad
1040 683 1126 746 stadia

126 789 220 854 prope
241 774 320 848 XX,
344 786 406 834 turn
425 772 529 834 eodern
550 771 685 835 cuniculo
700 775 815 852 excipi,
839 794 874 836 err
898 797 955 854 quo
975 798 1126 860 erumpen.

91 867 96 882 '
127 887 173 937 tes
194 875 219 936 is
238 875 269 934 in
287 870 600 950 Megalopolitanorum
622 870 747 945 finibus,
770 871 818 934 hic
840 876 871 935 in
890 875 1028 938 Laconica
1043 897 1060 939 e
1074 883 1125 940 noi

127 975 172 1037 uis
191 985 317 1050 emergat
335 970 484 1046 funibus,
506 969 592 1032 docet
614 967 759 1032 Pausanias
774 971 805 1031 in
818 973 963 1036 Arcadicis
991 995 1015 1036 c.
1042 981 1125 1049 44&

12 1067 13 1071 ’
130 1091 178 1147 54.
223 1071 312 1133 Addit
330 1068 430 1133 Strabo
449 1069 482 1133 L.
502 1067 550 1130 Vl.
576 1087 605 1145 p.
627 1087 695 1146 275.
733 1064 857 1132 eoronas
878 1074 909 1133 in
940 1085 1125 1140 communem

96 1231 98 1236 .
126 1168 242 1231 alveum
263 1169 399 1244 injectae,
419 1167 522 1246 partito
538 1167 638 1228 itinere
661 1187 804 1246 quamque
825 1172 855 1232 in
880 1191 935 1247 eo,
950 1175 996 1235 cui
1016 1194 1126 1238 nuncu·

129 1267 324 1346 patrinatu,
347 1265 435 1354 fluvio
453 1266 567 1344 prodire
582 1265 685 1332 rursus.
730 1267 813 1346 Apud
836 1269 1034 1333 Ravennatem
1057 1279 1158 1334 ano-⁸

130 1385 249 1446 nymnm
266 1367 369 1428 fluvius
387 1365 481 1427 noster
496 1363 630 1434 Euroris,
655 1363 744 1426 hodie
763 1365 951 1449 Bafiliporamo
978 1369 1122 1434 salutatur.

130 1465 196 1528 Fuit
215 1463 378 1528 &Eurotas
398 1461 574 1530 Thessaliae,
597 1463 748 1526 Titaresrus
763 1464 892 1529 Homeri.
921 1486 949 1530 v.
971 1467 1072 1530 Strabo
1090 1471 1123 1532 L.

129 1561 185 1626 IX.
203 1583 231 1642 p.
251 1582 319 1638 441.
343 1564 470 1642 itemque
481 1560 611 1655 ,narsae
637 1562 778 1626 Graeciae
793 1565 830 1625 ad
852 1563 1024 1642 Tarentum,
1058 1566 1126 1629 alias

128 1659 260 1724 Galesus.
284 1661 323 1728 O.

1039 1767 1053 1800 Ι

473 1863 474 1866 ¹
524 1819 720 1912 Eridanus

138 2051 142 2061 '
173 2033 285 2102 Servius
302 2031 339 2100 ad
360 2031 507 2118 Virgilium
525 2039 634 2122 ὣστε.
661 2033 759 2106 LIV.
783 2051 811 2103 v.
835 2043 902 2119 368.
935 2038 962 2106 dc
986 2035 1127 2125 Philargy.

128 2137 188 2221 rius
204 2139 241 2199 ad
261 2137 316 2202 loc.
337 2136 423 2200 eund.
442 2151 580 2204 nasses..
664 2139 801 2202 Eridanus
825 2139 887 2202 Rex
906 2141 1063 2206 fluviorum
1079 2135 1127 2227 vel

129 2237 245 2310 Padus,
268 2235 355 2296 hodie
380 2235 440 2304 Po,
462 2235 566 2298 accolis
586 2237 655 2298 olim
679 2240 819 2314 Bodeacus
839 2241 952 2316 didius,
978 2241 1046 2304 teste
1075 2243 1127 2306 Po.

127 2335 211 2414 lybiu
231 2335 300 2398 Hist.
313 2335 343 2396 L.
357 2333 393 2396 ll.
405 2354 431 2401 c.
454 2343 498 2396 16.
524 2335 661 2396 Bodincus
677 2341 792 2399 audiore
809 2336 900 2418 Bliniu
920 2341 955 2401 H.
970 2341 1008 2403 N.
1026 2341 1124 2404 LIII.

127 2452 155 2497 c.
177 2441 225 2496 16.
250 2435 296 2512 qui
306 2426 395 2510 flando
421 2451 551 2494 carentem
569 2435 769 2514 interpretatur
781 2479 790 2510 ,
803 2436 805 2444 '
818 2438 863 2498 cui
879 2436 991 2500 assentit
1009 2439 1127 2501 Chorier

128 2534 160 2593 in
181 2531 243 2594 hist.
267 2531 404 2609 Delphin.
423 2530 455 2594 L.
481 2531 520 2594 ll.
535 2553 563 2611 p.
579 2553 627 2610 94.
649 2531 821 2610 Germaniae
839 2535 1013 2600 ohneBoden.
1035 2540 1134 2615 Atque*

128 2631 168 2694 fic
186 2633 336 2709 quadraret
359 2645 477 2708 etymon
491 2623 528 2692 ad
546 2631 638 2707 iilud,
652 2632 730 2711 quod
747 2631 898 2710 illenagius
924 2631 1022 2694 tribuit
1051 2633 1127 2696 Pado

129 2727 418 2808 ips1‚aurlitp‚sr
443 2750 509 2818 eurn
529 2732 642 2806 audias,
671 2731 836 2793 derivando.
861 2751 888 2792 v.
913 2731 940 2792 le
961 2735 1028 2810 orig.
1053 2733 1133 2795 della.

130 2828 228 2912 lingua
251 2828 367 2890 italiana
389 2849 418 2908 p.
440 2849 506 2910 374.
556 2828 626 2892 Aliis
659 2829 775 2892 aliunde
809 2831 920 2892 trahere
951 2830 1056 2908 placet.
1088 2833 1125 2912 O.
1202 2909 1207 2926 1

171 2945 329 3021 mutantur)
353 2963 415 3022 pro·
428 2961 546 3020 muratae
560 2937 635 3019 suns.
674 2943 815 3006 Familiari
839 2944 902 3006 satis
931 2945 1075 3021 praeteriri
1097 2947 1149 3008 in¹

131 3039 262 3118 praesens
283 3037 524 3119 commutatione,
548 3043 626 3122 quod
652 3044 688 3116 ad
719 3029 859 3120 majorem
894 3045 1128 3128 fignificationenr

133 3133 309 3216 figurandam
327 3139 388 3202 fieri
406 3128 493 3217 solet,
516 3156 547 3204 ut
571 3124 700 3206 observat
721 3145 834 3238 Servius
860 3145 895 3206 ad
925 3145 1000 3206 haec*
1021 3142 1129 3226 Virgilii
1258 3228 1261 3234 1

133 3238 220 3300 verba
244 3242 316 3302 hen.
341 3241 371 3305 L.
386 3241 435 3308 lv.
456 3262 482 3304 v.
507 3253 575 3314 aas.

260 3335 420 3420 Grajumque
447 3341 506 3400 ideo
529 3341 570 3398 bis
590 3339 715 3400 uindicat
737 3339 828 3409 araris.

132 3424 350 3528 Idem-inciti
375 3439 401 3499 u.
426 3424 512 3524 246.

197 3595 199 3602 .
254 3551 310 3610 Per
327 3550 376 3610 tibi
400 3551 551 3633 Diliynnae
567 3547 719 3632 praesentia
739 3545 847 3611 numina
859 3547 941 3640 juro,

255 3648 355 3720 Prima
371 3650 461 3710 Deum
478 3670 545 3732 quae
566 3643 681 3738 tr'ms'hi
701 3648 804 3722 dulcem
831 3651 913 3712 durau
935 3649 1081 3714 alumnum.
1123 3713 1135 3722 ..

578 3769 582 3776 '
850 3810 853 3820 ‚
1004 3763 1127 3818 CLAUD.

169 3840 200 3900 in
208 3838 345 3924 populos)
371 3843 503 3924 Virgilius
520 3847 589 3914 rien.
611 3845 643 3914 L.
662 3847 701 3914 X,
718 3865 744 3911 t.
772 3859 840 3924 189.
879 3846 971 3909 Valer.
1004 3847 1123 3912 Flaccus

123 3938 166 4004 1..
187 3939 219 4004 V.
233 3932 260 4009 v.
272 3961 341 4022 430·
357 3944 513 4039 Lucanus.
537 3945 573 4034 L.
588 3945 625 4012 ll.
640 3967 668 4013 v.
687 3968 756 4023 410·
780 3947 902 4032 Ovidius
914 3945 1031 4014 pteram.
1047 3947 1077 4010 L.
1089 3944 1130 4016 11.
