2836 4718
256 295 334 378 312
483 287 671 350 tso'rnt:
732 283 1041 346 vnntottum

660 487 842 572 Ciminus
952 502 959 512 “

248 699 254 706 ’
293 685 339 749 De
364 691 425 748 lacu
443 685 567 748 Ciminio
587 685 682 748 astum
701 685 740 746 est
762 683 843 764 supra
866 703 896 761 p.
912 701 982 757 250.
1009 680 1113 743 Silvam
1130 669 1251 744 &moni

251 793 310 846 tem
333 783 464 845 describit
491 781 664 860 potillimum
693 785 788 845 Livius
817 783 847 845 L.
870 781 924 844 lX.
946 801 971 843 c.
997 789 1043 858 36.
1068 782 1097 840 in
1117 781 1251 842 Hetruria

253 881 326 943 ultra
342 883 475 943 Sutrium.
508 883 579 942 Erat
597 900 685 941 autem
694 881 768 960 stiva
784 928 792 956 ,
808 881 844 942 fic
862 880 932 950 ille,
957 879 1071 938 Ciminia
1091 880 1177 962 magis
1194 897 1252 936 rum

251 979 327 1037 inuia
348 997 428 1059 atque
458 981 606 1054 horrenda,
644 1001 723 1062 quam
748 1001 830 1062 nuper
846 973 925 1058 fuere
949 977 1103 1037 Germanici
1131 971 1252 1052 saltus}

251 1075 322 1135 nulli
346 1079 387 1136 ad
401 1100 458 1137 cam
482 1079 550 1136 diem
573 1101 605 1138 ne
631 1097 804 1138 mercatorum
827 1079 930 1158 quidem
953 1077 1057 1144 adita,
1078 1097 1135 1134 earn
1153 1075 1253 1133 intrare

251 1169 328 1233 baud
343 1171 402 1254 fere
427 1172 565 1257 quisqtam
587 1195 696 1258 praeter
717 1178 809 1234 ducem
828 1170 913 1257 ipsium
943 1175 1069 1234 audebat.
1111 1173 1178 1234 Dux
1203 1169 1252 1230 ille

237 1271 308 1334 'fuit
334 1275 370 1350 Q.
393 1273 493 1335 Fabius
516 1276 675 1348 Maximus,
708 1277 756 1356 qui
784 1294 834 1353 per
859 1275 941 1348 illum
974 1271 1075 1334 saltum
1104 1267 1253 1348 usquead

254 1371 408 1432 Camerteir
435 1373 557 1434 Umbros
585 1372 741 1451 penetrasse
766 1372 904 1434 scribitur.
946 1372 1011 1448 Qua
1027 1372 1064 1430 de
1089 1388 1119 1430 re
1135 1385 1252 1446 quoque

256 1465 447 1533 consulendus
469 1471 620 1534 Frontinus
644 1473 760 1550 Strateg.
787 1473 816 1532 L.
836 1471 856 1532 l.
877 1491 901 1534 c.
925 1489 952 1531 2.
996 1469 1029 1531 ln
1055 1469 1109 1529 hac
1135 1467 1253 1543 expedi-

257 1565 353 1640 tione,
375 1571 443 1628 teste
462 1571 560 1642 Livio,
580 1571 687 1653 postero
706 1573 749 1629 die
769 1571 828 1628 luce
847 1570 937 1652 prima
950 1564 1021 1650 juga
1045 1565 1140 1626 Cimini
1154 1564 1254 1622 montis

257 1665 370 1728 tenebat.
408 1667 468 1726 inde
500 1667 692 1750 contemplatus
721 1669 848 1752 opulenta
873 1668 1002 1730 Etruriae
1032 1687 1123 1740 arra,
1154 1660 1252 1738 milites

258 1758 367 1826 emittit.'
401 1767 574 1842 Quaeritur,
596 1767 723 1846 quisnam
754 1768 803 1828 ille
825 1787 909 1828 mons
939 1767 971 1828 srt
1000 1765 1096 1826 hodie.
1132 1762 1255 1832 Nullum

255 1853 297 1918 ibi
318 1864 459 1925 montium
483 1867 581 1944 jugum
613 1865 686 1940 effe,
717 1865 865 1928 Cluverius
889 1865 951 1928 Ital.
973 1879 1031 1926 ant.
1062 1863 1146 1930 L.ll.
1173 1881 1198 1922 c.
1225 1881 1253 1940 3.

258 1959 424 2035 praedicat,
450 1965 498 2024 nisr
522 1966 599 2042 quod
622 1967 778 2028 admodum
804 1964 948 2028 excelsum
978 1962 1118 2039 solonge
1140 1960 1257 2038 lateque

259 2057 467 2132 conspicuum,
505 2062 591 2140 vulgo
625 2085 703 2127 nunc
734 2066 901 2142 aproxima
928 2062 999 2126 urbe
1037 2060 1255 2138 cognominatur

261 2171 347 2210 monte
369 2155 398 2213 di
419 2159 547 2232 Viterbo,
569 2162 640 2224 ultra
664 2165 741 2238 quod
768 2162 862 2226 versus
884 2161 1088 2240 septentriones
1119 2158 1169 2220 lati
1191 2159 1258 2218 ster·

261 2261 369 2308 nuntur
387 2256 489 2332 campi.
507 2258 544 2320 cf.
570 2263 597 2318 ἃ
621 2261 738 2322 Brietius
757 2263 787 2320 in
809 2260 932 2339 parallel.
957 2260 985 2322 P.
1003 2259 1040 2322 ll.
1064 2279 1092 2337 p.
1110 2266 1179 2336 576,
1206 2255 1255 2328 ci·

261 2343 367 2408 minine
384 2348 466 2411 silvae
482 2357 614 2417 meminit
629 2378 743 2436 quoque
764 2359 869 2424 Plinius
894 2361 925 2422 L.
942 2359 979 2422 ll.
1001 2379 1026 2421 c.
1044 2370 1092 2436 98.
1126 2371 1257 2422 montem

264 2460 330 2504 tum
349 2443 412 2509 lacu
432 2451 526 2528 jungit
547 2455 678 2534 Virgilius
699 2460 817 2526 teneid.
839 2459 870 2523 L.
892 2458 956 2521 Vll.
976 2479 1002 2521 v.
1022 2466 1089 2536 ⁶97·

389 2547 429 2606 Et
449 2551 543 2610 timisti·
571 2574 630 2614 curn
657 2575 741 2616 monte
757 2557 847 2618 lacum
868 2553 992 2639 lucosque
1016 2559 1143 2637 Capenos.

266 2641 369 2708 Omnis
390 2647 413 2708 is
437 2657 540 2716 nactus
558 2653 646 2718 hodie
659 2657 688 2716 in
703 2657 874 2732 patrimonio
889 2658 918 2719 S.
937 2656 1011 2720 Petri
1024 2654 1206 2732 conspicitur.
1220 2654 1259 2716 0.

670 2822 860 2934 Corycos

309 3006 496 3092 Philargyrius
511 3020 546 3079 ad
561 3021 708 3097 Virgilium
723 3023 825 3098 Georg.
847 3020 878 3085 L.
892 3019 941 3082 IV.
961 3037 988 3079 v.
1009 3035 1076 3094 127.
1105 3013 1264 3096 Corycium)

269 3102 414 3172 alimum.
434 3139 451 3172 a
475 3136 558 3177 monte
579 3119 730 3179 &civitate
753 3120 863 3180 Ciliciae
880 3119 992 3199 Coryco.

312 3209 446 3290 crocum)
471 3217 608 3280 Martialis
631 3218 661 3280 L.
679 3219 727 3302 llll.
752 3239 796 3296 ep.
823 3227 871 3293 σς.

400 3315 484 3394 Quod
500 3319 531 3376 dt
553 3319 664 3399 Corycio
692 3339 759 3400 quae
782 3318 854 3378 venit
870 3336 939 3376 aura
961 3332 1047 3374 croco.

1085 3424 1223 3472 Hmffim

316 3512 458 3596 Corycus)
479 3515 547 3578 urbs
569 3517 623 3579 fuit
639 3517 774 3592 Ciliciae3
812 3534 895 3577 mons
919 3516 946 3575 Cr
969 3512 1200 3590 promontorium
1224 3506 1273 3570 Ci-

273 3608 372 3684 liciae,
388 3614 509 3688 Joniae‚
533 3615 649 3691 Cretae;
672 3619 772 3692 Joniae
789 3633 903 3695 qunque
924 3627 1021 3690 portus
1041 3607 1269 3684 &Aethiopiae3

274 3715 391 3774 tandem
411 3713 487 3774 littus
508 3705 617 3792 Lyciae.
656 3716 797 3796 Corycium
813 3728 926 3776 antrum
947 3711 1047 3772 habuit
1071 3711 1097 3770 δι
1123 3705 1222 3768 Cilicia
1243 3707 1271 3766 St

274 3808 399 3873 Boeotia.
440 3811 530 3874 Nobis
561 3813 627 3874 heic
662 3815 697 3874 de
720 3815 831 3893 Coryco
861 3811 977 3875 Ciliciae
1006 3805 1122 3884 ejusque
1147 3804 1272 3881 Corycio

277 3915 528 3988 antroagentlum.
560 3914 604 3976 De
629 3914 742 3992 reliquis
766 3913 895 3975 consules
922 3907 1073 3972 Ortelium.
1105 3903 1206 3964 Strabo
1240 3901 1269 3960 t.
