2836 4718
434 353 507 414 an
583 349 823 414 nemora
1055 365 1129 445 ²71

130 519 223 603 cinae.
251 511 413 595 Stephanus
431 497 499 592 Byz.
522 512 553 574 in
578 511 729 588 Memmia·
756 509 827 573 ariao
853 510 971 588 Νεμέοις,
1002 507 1053 572 ala-l
1079 532 1134 576 Ma·

127 620 220 696 λὸρχου
243 615 280 673 ari
305 609 451 692 gerimus&
472 613 613 687 Ἡρακλέα,
636 603 735 676 iuria&
758 612 797 667 iai
818 611 857 664 alr
877 611 975 678 aiveina.
1007 614 1041 675 In
1058 637 1136 678 erpo.

78 762 79 772 .
128 737 194 780 rem
218 715 333 791 induxit
364 711 481 774 Vibium
505 709 639 788 Virgilius
661 708 691 770 1.·
712 729 738 771 c.
772 709 886 772 Nemea
908 709 997 774 lucus
1029 715 1084 776 luit
1112 715 1132 780 s.

126 817 221 880 amo-
248 812 436 892 Peloponnesi
469 813 544 873 inter
571 809 700 871 Cleonen
735 807 956 870 &Phliuntem
984 828 1011 872 v.
1031 813 1135 876 Strabo

126 916 161 978 L.
181 913 261 978 VIII.
288 935 317 993 p.
338 921 406 975 260.
432 927 457 973 8.
483 924 591 973 onulx
686 905 790 968 Forsan
818 907 956 970 M'olcreli
987 907 1132 988 scripserat

126 1012 244 1089 Vibius,
270 1011 348 1091 quod
367 1008 491 1091 probum
506 1009 591 1075 soret.
617 1007 756 1078 Boceacio
781 1020 880 1068 tamen
896 1008 995 1068 itidem
1008 1009 1050 1070 esl
1064 1009 1136 1080 Mo·¹
1166 1081 1170 1086 ,
1216 1089 1218 1098 Ι

124 1111 242 1180 orclas,
287 1109 343 1200 Ο.1

546 1227 708 1314 Marica
770 1311 773 1316 ,

172 1431 337 1510 legendum
359 1427 582 1510 essetMaricae.
622 1425 668 1490 Sic
695 1425 803 1505 quippe
830 1422 925 1488 Livius
946 1425 982 1489 L.
1005 1423 1143 1492 XXVII..
1218 1457 1221 1465 ¹

128 1544 156 1596 e.
181 1551 226 1611 37.
251 1531 383 1612 Prodigia
407 1530 557 1588 nunciata:
591 1527 742 1586 Minturnis
774 1527 865 1583 aedem
887 1526 966 1586 louis
996 1526 1025 1585 ἃ
1043 1526 1135 1586 lucum

126 1631 259 1703 Maricae
280 1631 313 1688 de
332 1627 404 1687 coelo
428 1630 523 1688 tollae.
554 1627 601 1688 Sic
620 1629 648 1687 ric
675 1625 828 1686 Plutarcho
852 1639 970 1686 vocatur
989 1625 1019 1684 in
1037 1626 1133 1687 illatio
1151 1661 1154 1678 ι

127 1749 156 1808 p,
176 1741 246 1803 428,
275 1726 304 1781 ai
333 1726 378 1788 τῖἶς
398 1725 531 1798 λεγομέιης
555 1719 677 1792 magiam
696 1721 806 1788 cinomia
828 1717 841 1776 l
868 1721 983 1792 rissorlaa.
1008 1723 1133 1800 Verum,
1230 1797 1233 1805 Ι

127 1847 217 1906 quum
239 1843 294 1888 nec
317 1824 432 1888 codices
468 1823 555 1884 nostri
574 1815 693 1883 'vibiani
722 1822 804 1886 hunc
837 1821 990 1884 articulum
1018 1824 1133 1896 norint,

125 1945 182 1986 nec
205 1925 359 1987 Boccacius
383 1922 506 1991 habeat,
530 1923 580 1983 vix
602 1921 746 1996 dubium,
777 1923 848 1999 quin
872 1907 964 1982 invito
993 1923 1138 2000 Sequestrl

125 2024 160 2084 srt
184 2022 324 2088 obtrusus.
362 2021 467 2084 Forsan
489 2039 525 2082 ex
544 2019 665 2082 articulo
683 2021 757 2079 liris
770 2021 851 2082 fluvii
876 2021 934 2084 huc
950 2021 1135 2101 transcriptus

125 2121 183 2194 est,
207 2123 244 2183 de
263 2142 321 2199 qno
338 2141 366 2200 p.
394 2141 440 2199 1³·
468 2124 496 2182 ἃ
521 2141 550 2198 ρ.
574 2111 640 2197 i39.
666 2119 759 2182 Lucus
779 2121 802 2180 is
822 2119 951 2181 Illuricae
966 2139 1058 2198 prope
1076 2141 1133 2203 pa·
1156 2103 1161 2145 l

123 2220 214 2279 ludam
235 2221 307 2293 fuit,
359 2220 460 2282 itidem
479 2219 516 2280 ab
547 2220 648 2279 eadem
684 2218 823 2296 Nympha
850 2235 1069 2295 nuncupatam,
1102 2220 1134 2278 im

126 2338 207 2398 quam
223 2313 255 2393 se
271 2313 382 2402 fiagieas
404 2313 585 2394 'consellames
607 2315 701 2378 Sullae
725 2318 843 2398 equites,
872 2317 981 2376 abdidit
1002 2318 1133 2394 Marius,
1166 2316 1168 2320 ’

11 2404 14 2412 ⁴
125 2417 196 2478 teile
220 2417 291 2478 Vell.
313 2417 461 2494 Paterculo
480 2418 513 2482 L.
532 2416 569 2482 ΙΙ.
604 2435 630 2479 c.
654 2435 700 2492 19.
737 2414 981 2478 Minturnensium
1015 2415 1136 2493 palude·

125 2515 194 2577 islne
215 2515 281 2612 aliae
307 2523 457 2583 vocantur.
481 2536 510 2578 v.
537 2515 638 2578 Cicero
654 2515 685 2574 in
706 2513 846 2576 Pisonem.
873 2533 936 2592 cap.
958 2533 1005 2591 19.
1028 2514 1068 2581 O.

582 2679 663 2763 Sila

169 2880 217 2943 Sic
231 2877 332 2956 Strabo
350 2881 379 2942 a
398 2876 513 2940 Plinius.
534 2896 561 2940 v.
581 2877 718 2940 Cellarius
741 2875 777 2940 G.
801 2877 834 2939 n.
853 2877 885 2943 L.
906 2875 943 2940 ll.
973 2895 999 2940 c.
1019 2895 1047 2956 9.
1185 2945 1187 2952 ,

134 3048 136 3054 ,
172 2980 367 3058 Bruttiorum)
390 2979 427 3051 de
453 2978 539 3053 hujus
569 2979 693 3040 nominis
730 2975 933 3058 orthographia
963 2977 1021 3056 agit
1042 2975 1135 3044 Cella·

123 3080 186 3140 rius
201 3077 241 3139 ib.
266 3093 403 3140 nassae.
472 3077 595 3140 ¹Plinius
617 3079 650 3145 L.
666 3076 719 3140 lli.
738 3067 815 3180 es
839 3078 906 3138 sade
918 3077 1054 3158 Apennini
1058 3079 1135 3158 stira
1205 3113 1235 3133 ,ι-

127 3175 220 3249 Sila,·
245 3181 453 3258 promontorium
470 3177 659 3258 Leucopetra:
681 3178 717 3236 ab
732 3198 762 3236 eo
774 3176 865 3236 Locri.
901 3177 1053 3254 Hodieque
1070 3181 1135 3254 ejru

127 3293 239 3356 partem
253 3275 390 3353 superesse
410 3295 501 3356 prope
518 3275 721 3351 Consentiam,
735 3275 889 3368 voeprique
906 3274 994 3354 vulgo
1008 3275 1040 3334 la
1056 3275 1129 3353 Sia,

128 3368 216 3444 refert
238 3372 387 3437 Cluverius
412 3373 473 3443 Ital.
497 3391 556 3436 ant.
575 3375 606 3438 L.
621 3374 671 3438 IV.
695 3395 721 3437 c.
753 3395 799 3451 ις.
827 3379 855 3436 &
883 3393 920 3436 ex
946 3376 1033 3438 Laut.
1055 3379 1133 3438 Ana-

128 3471 219 3534 niensr
235 3458 321 3534 locet
339 3472 475 3537 Ortelius.
508 3472 654 3536 Strabonis
673 3473 756 3537 locus
773 3474 804 3535 L.
820 3471 869 3536 v1.
885 3494 913 3552 p.
932 3482 1003 3539 261.
1027 3474 1134 3538 dubiuo

128 3572 189 3646 est,
212 3589 306 3649 neque
325 3591 434 3634 nornen
454 3571 540 3635 filvae
563 3574 674 3636 videtur
698 3571 888 3648 continuisse,
928 3575 1035 3636 enamsr
1049 3574 1133 3640 'selva

127 3669 254 3744 Bruttia,
275 3672 371 3749 picem
399 3672 493 3734 ferens
512 3674 658 3751 opimam,
683 3691 745 3734 non
766 3673 820 3734 alia
834 3691 921 3749 quam
946 3672 1061 3736 laudata
1072 3673 1131 3734 Sila

127 3769 315 3846 intelligenda
331 3769 376 3836 srt.
406 3771 580 3834 Nemoribus
610 3791 661 3834 cur
683 3770 902 3837 accenseatura
933 3770 1040 3845 vibio,
1070 3788 1134 3838 non

127 3869 227 3945 liquet.
272 3867 360 3927 Silam
381 3869 519 3928 Lucaniae
541 3888 651 3930 montem
673 3887 814 3933 memorat
830 3872 944 3934 Servius
961 3873 998 3933 arl
1021 3871 1135 3950 Virgilii

128 3967 230 4047 Georg.
257 3966 288 4028 l..
313 3966 364 4028 lll.
386 3989 414 4032 v.
435 3987 503 4044 219.
526 3970 636 4047 dequo
655 3970 882 4047 poemiaml..
908 3970 983 4036 XII.
999 3991 1026 4034 v.
1055 3991 1127 4049 7¹5·

14 4069 15 4080 ³
253 4065 300 4124 Ac
319 4064 395 4128 uelut
410 4065 510 4149 ingemi
521 4061 615 4147 Syia,
634 4063 770 4144 summove
788 4068 942 4154 Taburno.
986 4114 995 4132 .
1040 4110 1048 4132 .
1093 4068 1134 4134 0.
