2836 4718
354 375 359 397 .
478 340 553 398 AD
612 339 834 404 MONTES
1073 345 1192 437 ⁸295·

155 499 228 564 vers.
256 518 324 578 340.
352 493 435 560 Silius
460 495 492 558 L.
511 495 592 562 XIV.
611 498 682 559 vers.
706 521 753 576 59.
786 501 917 566 Lucanus
928 503 961 568 L.
971 503 1006 568 V.
1018 504 1087 568 vers.
1102 527 1155 584 99.

153 598 187 662 L.
210 597 233 659 1.
257 595 327 658 vers.
351 597 467 668 sac&
494 595 527 656 L.
549 595 588 656 X.
613 597 684 661 vers.
705 619 775 677 447·
820 601 994 666 Claudianus
1016 606 1155 686 derepto

154 696 281 774 Prosetp.
300 695 332 758 L.
350 693 373 756 Ι.
387 714 413 760 v.
433 713 499 768 151.
521 693 574 754 Cui
594 713 661 772 ergo
672 697 821 760 Poetarum
837 719 896 760 non
914 701 1005 764 ditius
1019 703 1058 763 est
1071 723 1154 768 mons

156 797 238 858 isthic
254 792 476 857 famosissimus?
500 793 696 870 Quamobrem
714 798 822 858 Seneca
841 797 936 876 lepide
949 797 1054 876 scripsit
1076 803 1157 879 epist.

158 917 206 974 79.
230 914 266 955 ex
282 892 406 956 Rubenii
423 891 607 966 conjectura,
627 913 712 972 quam
726 894 853 956 dilaudat
867 896 1030 960 Gronovius
1046 903 1155 974 major:

92 981 96 990 ¹
155 995 223 1056 Non
241 992 278 1073 est
294 1011 405 1060 autem,
432 993 504 1071 quod
516 991 591 1072 islam
616 1011 708 1051 curam
729 993 843 1074 ianputes
865 994 946 1052 mr’stt':
977 997 1065 1056 morbo
1089 998 1156 1056 enim

155 1110 202 1164 rua
229 1093 343 1152 daturus
367 1111 444 1164 aras,
467 1089 522 1147 etia
556 1111 655 1148 tremo
678 1093 826 1153 mandaret.
862 1093 941 1172 Quia
959 1095 1008 1154 tibi
1034 1100 1068 1154 do
1080 1138 1092 1166 ,
1123 1118 1156 1156 rte
1207 1143 1210 1148 .

156 1191 274 1259 Aetnam
290 1183 469 1264 describasin
498 1205 544 1264 ruo
571 1189 703 1264 carmine„
732 1212 764 1248 ne
784 1191 858 1262 straete¹
874 1185 1015 1265 fhlemnem
1038 1191 1157 1253 omnibus

153 1289 244 1369 potiris
260 1286 348 1345 locum
371 1285 519 1366 attingas?
541 1287 595 1346 dc.
632 1301 769 1350 trassel..
856 1291 967 1352 Notum
997 1292 1028 1352 in
1053 1291 1156 1368 vulgus

160 1393 188 1448 b‘t
209 1386 299 1447 citatis
321 1389 471 1462 poetarum
490 1382 560 1444 locis
584 1385 830 1462 comprobatum,
866 1389 959 1466 prisco
983 1408 1055 1450 aevo
1087 1389 1156 1450 Vul-

158 1487 222 1546 cani
239 1489 264 1545 δι’
289 1484 448 1562 Cyclopum
468 1484 601 1546 ardentes
618 1483 745 1546 officinas
773 1485 824 1548 sub
842 1489 932 1550 tletna
958 1487 1081 1563 locatas,
1117 1507 1155 1549 ex

158 1585 260 1662 quibus
284 1585 373 1659 ruptis
397 1581 560 1643 fornacibus
596 1584 684 1643 efflari
712 1583 827 1646 flamma
854 1586 1033 1650 credebatur.
1082 1588 1155 1664 Apta

156 1685 251 1745 forlan
271 1684 377 1759 magis,
399 1701 485 1758 quam
508 1699 574 1742 vera
589 1674 669 1742 vocis
694 1682 793 1760 origo,
824 1685 944 1762 repetita
973 1705 989 1745 a
1014 1681 1154 1748 Bocha'rto

156 1769 301 1846 iuClranJ
322 1784 353 1846 L.
370 1781 391 1841 1.
407 1800 433 1842 c.
450 1791 497 1851 28·
513 1778 549 1840 ab
572 1798 717 1858 44444444,
744 1777 867 1860 fornax,
894 1783 1023 1845 ramirus.
1073 1782 1155 1845 ldem

157 1901 254 1945 tamen
274 1885 333 1943 &a
352 1879 466 1962 caligine
483 1877 560 1957 polle
584 1880 706 1940 derivari
725 1881 879 1952 concedit,
898 1901 954 1960 qua
969 1901 1053 1943 mons
1069 1883 1155 1942 inter-

158 1984 209 2043 diu
228 1980 369 2042 obduiius
392 1975 581 2054 conspicitut;
605 1980 683 2054 quod
704 1981 731 2039 ἅ
750 1993 885 2053 veterae,
906 1983 941 2066 in¹
959 1981 1002 2042 his
1019 1982 1159 2044 Pindarus

158 2082 237 2159 apud
254 2079 379 2141 Gellium
406 2078 433 2138 L.
454 2076 547 2136 XVll.
565 2095 592 2139 c.
612 2097 657 2136 10.
677 2077 778 2138 Strabo
792 2079 823 2142 L.
844 2078 894 2143 Vl.
910 2099 938 2156 p.
958 2098 1027 2157 274.
1053 2079 1158 2148 testam,

160 2193 207 2243 tur
227 2181 255 2240 ἃ
275 2177 468 2248 recentiores,
492 2176 618 2236 maxime
631 2174 761 2239 Fatellus
782 2177 852 2240 Dec.
874 2177 897 2240 1.
925 2179 954 2240 L.
970 2179 1008 2244 ll.
1038 2199 1099 2257 cap.
1126 2201 1154 2252 aa

120 2299 123 2304 ’
158 2279 238 2342 Prius
253 2291 371 2355 etymon
388 2273 499 2336 calculo
519 2274 568 2336 suo
589 2275 693 2352 probat
717 2275 935 2338 D’Hancatville
955 2278 984 2338 in
1006 2277 1095 2338 Praef.
1118 2275 1156 2338 ad

157 2377 223 2439 rasa
244 2376 358 2440 Etrusca
381 2374 558 2436 Hamilconii.
604 2373 636 2434 ln
654 2373 841 2438 describendo
868 2378 959 2438 Aetna
981 2376 1088 2440 multus
1115 2376 1157 2438 est

158 2476 260 2540 Strabo
272 2474 292 2535 l.
311 2493 337 2536 c.
354 2493 479 2552 quocum
499 2472 708 2533 conserendum
733 2479 836 2552 poema
848 2475 973 2535 Cornelii
985 2477 1099 2548 Severi,
1123 2475 1154 2534 in

104 2582 109 2590 “
157 2575 210 2638 suo
231 2593 336 2654 genere
360 2575 486 2635 unicum.
508 2571 682 2652 ,recentiori
707 2591 779 2632 aevo
803 2575 914 2633 Aetnae
935 2573 1155 2651 topographiam

159 2676 351 2739 &historiam
376 2671 573 2732 incendiorum
595 2674 657 2744 ejus
678 2670 759 2731 dedit
781 2673 887 2734 Ancon.
931 2669 1097 2732 Philotheus
1117 2671 1155 2730 de

158 2776 327 2840 Homodeis.
360 2770 510 2846 Descripsit
535 2770 662 2830 eundem
683 2770 779 2829 Petrus
798 2769 921 2830 Caetera.
954 2767 1106 2846 Utriusque
1122 2767 1158 2829 li·

158 2863 254 2937 bellus
271 2872 389 2934 insertus
410 2869 514 2947 legitur
530 2869 555 2930 T
559 2867 675 2928 heliuro
693 2885 751 2928 ant.
775 2869 830 2930 Sic.
856 2867 892 2930 T.
910 2867 964 2930 IX.
987 2867 1070 2929 Varia
1084 2887 1157 2945 quo·

158 2985 217 3052 que
239 2991 299 3032 non
318 2990 355 3030 ex
377 2969 462 3050 trivio
481 2965 643 3031 observavit
658 2967 839 3046 Brydonius,
857 2969 939 3044 cujus
957 2965 1085 3032 Siculum
1100 2969 1156 3028 iter

158 3074 219 3148 jam
239 3071 360 3132 antehae
383 3067 545 3129 citavimus.
601 3067 783 3128 Hodiernum
804 3085 911 3128 nomen
935 3067 1040 3128 Aetnae
1060 3067 1158 3128 Mona·
1283 3069 1286 3076 '

163 3168 281 3232 Gibello.
297 3212 299 3220 ,
315 3167 395 3230 Olim
418 3160 541 3254 lanesam
557 3185 671 3243 quoque
695 3166 804 3227 ditium
822 3169 850 3227 sa
872 3179 1002 3226 montem
1020 3167 1048 3228 &
1074 3167 1162 3244 oppi-

159 3271 232 3332 dum
247 3267 425 3346 apposrtum,
436 3265 518 3343 supra
531 3283 568 3325 ex
587 3264 727 3326 Strabone
745 3265 919 3327 ostendimus
935 3284 998 3344 pag.
1014 3284 1085 3342 231.
1113 3264 1151 3329 Ο.

563 3446 747 3558 Agragas

201 3645 335 3737 Virgilius
355 3645 425 3706 ren.
450 3644 480 3706 u.
503 3595 556 3706 vlt.
578 3663 607 3708 v.
631 3659 700 3720 70³·

285 3745 398 3806 Arduus
416 3743 475 3802 inde
496 3743 627 3826 Agragas
642 3743 752 3823 ostentat
772 3740 892 3800 maxima
914 3741 991 3822 longe

285 3843 420 3912 Moenia;
442 3843 637 3924 magnanimum
656 3843 787 3920 quondam
807 3860 945 3922 generator
971 3857 1101 3918 equorum.
1148 3891 1151 3900 ,

161 3959 212 4026 ubi
226 3961 348 4023 Servius.
373 3954 461 4016 Mans
480 3955 514 4035 est
534 3975 607 4014 muro
642 3955 762 4028 cintius,
803 3955 832 4012 ire
859 3938 936 4032 cujus
955 3947 1060 4026 sumnia
1077 3969 1158 4034 parta

699 4078 719 4137 Γ
742 4100 761 4149 4
