2830 4716
261 333 340 432 ¹90
504 329 688 396 ΝοτΑΕ
746 327 1068 395 vtulonum

225 489 228 496 ¹
253 492 374 582 aliosque
388 517 423 558 etr
435 484 614 578 Peloponrnfit
628 483 761 555 eonnener
777 489 817 552 ad
833 511 891 552 eun
912 491 1001 554 locun
1019 491 1121 556 Italiae
1157 497 1255 579 nentffe

254 599 340 676 dicit,
364 599 408 658 eui
424 594 527 656 nullutn
546 609 627 652 antea
649 585 854 669 nornenfiterit,
884 590 912 652 dt
927 590 1056 669 flumini,
1093 598 1166 674 quod
1182 598 1257 658 itero.

254 699 354 773 ierem,
380 698 466 756 Sarno
483 712 573 751 nornen
589 683 742 771 ¹t'rnposttiffe
757 709 792 748 etr
810 688 991 771 appellatione
1014 694 1103 774 patrii
1117 693 1259 772 firminis,

255 791 484 874 &seSarraJies
502 783 655 872 appellaffe.
706 787 750 850 lli
779 787 849 848 inter
873 787 962 848 multa
985 791 1086 872 oppida
1110 793 1259 854 Nuceriam

245 875 436 956 ¹condidenent.
472 901 633 952 nessei:
698 885 793 950 Locus
809 885 918 965 Virgilii
938 887 986 952 hic
1004 889 1062 954 esi:

585 1007 642 1071 late
660 1005 719 1090 p'ant
740 1027 797 1070 turn
819 1009 919 1070 ditione
934 1013 1074 1093 prenubat

379 1125 522 1212 Sarrasteis
541 1123 659 1208 populor
676 1124 703 1186 a
718 1145 786 1206 quae
804 1121 878 1208 rigat
894 1145 1019 1207 [aequora
1034 1129 1151 1196 Sarnus.

254 1257 328 1322 Eum
345 1255 465 1318 fluvium
486 1251 528 1314 sat
547 1263 614 1330 apte
633 1248 765 1312 describit
790 1247 943 1311 Bocceciur
967 1249 1029 1312 ita:
1069 1253 1173 1314 Sarnus
1199 1250 1260 1336 fin.

253 1359 317 1422 vius
339 1351 578 1436 eJiCanpaniae‚
603 1371 639 1410 ex
663 1349 805 1430 Apennino
835 1348 864 1408 in
904 1347 1032 1430 Caprearit
1067 1349 1181 1426 insulam
1203 1372 1261 1415 ten·

254 1461 330 1518 dente
352 1452 478 1538 plurilus
498 1450 526 1510 in
543 1448 612 1508 locir
632 1447 705 1529 uasto
722 1441 805 1522 saxei
833 1446 931 1506 montis
965 1469 1093 1510 murmure
1111 1445 1259 1532 funditur,

254 1558 321 1618 adeo
346 1551 470 1624 abunde,
488 1564 519 1608 ut
537 1569 589 1606 non
605 1564 666 1606 ante
689 1545 806 1620 exierit,
839 1566 920 1625 quarn
948 1547 1117 1630 anpliffitnas
1137 1552 1259 1632 paludes

246 1651 362 1738 flectit,
384 1647 490 1710 incolas
510 1645 629 1719 nebulis,
657 1645 753 1725 quibus
766 1637 870 1726 semper
897 1647 1036 1721 abundat,
1068 1649 1189 1732 infestans
1212 1653 1258 1729 nr}

254 1754 334 1815 mium
345 1771 359 1822 ,·
381 1745 530 1828 exquibus
552 1745 659 1802 tandem
678 1745 706 1802 in
724 1743 832 1802 alveum
856 1745 963 1804 coelius
993 1743 1181 1830 Pompeianum
1200 1745 1256 1826 sub

256 1845 371 1927 Vestruio
393 1863 478 1908 rnonte
503 1843 600 1926 irrigat
628 1862 722 1926 agnon
749 1841 776 1902 d·
799 1863 892 1923 pauco
919 1861 1057 1904 contentus
1080 1841 1176 1920 curfie,
1207 1868 1257 1908 nee

253 1946 372 2030 alicujus
394 1944 506 2005 alterius
526 1941 670 2002 comitatus
688 1939 789 2016 undis,
811 1935 886 2016 sertis
913 1959 1002 2002 tamen
1018 1964 1146 2024 aquarum
1167 1947 1257 2028 copio-

248 2043 322 2124 sus,
344 2045 420 2104 ltaud
439 2042 515 2124 longe
540 2061 559 2098 a
581 2039 679 2100 Stella
704 2039 864 2119 Tyrrhenum
890 2040 1040 2123 ingreditur
1066 2065 1146 2104 mare.
1196 2047 1256 2126 Istc

253 2147 330 2229 apud
341 2145 456 2204 Samum
482 2138 625 2221 oppidum,
664 2139 737 2220 quod
751 2131 877 2216 sontibus
901 2138 960 2220 ejus
989 2140 1126 2216 imminet,
1155 2142 1258 2226 ligneos

247 2243 355 2328 staples,
393 2238 514 2323 palear,
541 2233 658 2318 frondes
677 2237 703 2296 δ’
723 2239 904 2318 quodcumque
928 2237 957 2296 in
978 2258 1035 2296 eunt
1051 2241 1153 2310 eadat,
1184 2241 1257 2324 lapi-

254 2345 302 2404 deo
320 2339 421 2424 paucis
439 2337 467 2396 in
487 2335 580 2395 diebus
600 2333 697 2395 cortice
720 2336 788 2418 tegit
809 2381 816 2396 .
840 2379 847 2397 .
872 2379 880 2396 .
916 2332 1000 2394 Hunc
1029 2336 1146 2398 Sarnurn
1167 2337 1253 2420 aliqui

255 2441 343 2500 minus
358 2437 526 2498 advertentes
540 2435 643 2494 Arnum
661 2433 812 2494 Florentiae
825 2433 943 2514 fluvium
961 2451 1102 2517 putavere.
1144 2437 1255 2503 Multa·

253 2521 317 2604 rum
334 2535 417 2598 instar
434 2533 473 2594 est
497 2532 568 2594 haec
586 2531 716 2596 Boccacii
740 2532 910 2614 descriptio,
936 2535 1077 2613 adquam
1098 2556 1188 2614 pauca
1205 2540 1256 2602 ad·

253 2651 353 2703 notare
377 2634 467 2698 lubet.
518 2633 546 2694 se
569 2633 712 2712 Apennini
734 2637 859 2710 tretius,
891 2653 928 2695 ex
950 2653 1007 2714 quo
1031 2633 1079 2695 iile
1114 2637 1253 2718 profluit,

252 2715 331 2802 idem
356 2753 424 2797 cum
445 2730 563 2796 flumine
582 2751 690 2794 nomen
712 2731 857 2811 hodieque
883 2733 1011 2809 obtinet,
1041 2736 1134 2794 Sarno·
1147 2736 1253 2804 dicius.

252 2827 339 2906 Unde
361 2832 399 2894 sto
414 2829 477 2892 satis
494 2831 534 2891 est
549 2830 727 2898 verosimile,
760 2833 836 2909 apud
858 2831 975 2894 Vibium
1003 2831 1157 2910 legendum
1179 2855 1252 2912 quo·
1263 2845 1270 2870 '·
1302 2859 1306 2868 ·

253 2923 309 3020 {pue
332 2953 367 2990 ex
385 2933 471 2990 Sarno
497 2947 601 3005 monte,
622 2950 681 2992 non
699 2952 733 2990 ex
752 2933 822 2991 Sara
841 2949 936 2992 monte.
991 2931 1080 3008 Quod
1105 2932 1253 2996 &Cluve-

252 3031 311 3120 tius
333 3026 501 3104 suspicatur,
525 3027 558 3088 L.
573 3027 621 3090 IV.
647 3049 672 3090 c.
694 3048 719 3106 3.
750 3030 800 3091 etsi
828 3049 936 3091 nomen
959 3031 1024 3091 Sari
1047 3031 1093 3093 vel
1116 3033 1253 3104 Sarri‚sr

254 3128 371 3210 quidem
386 3127 443 3187 hoc
464 3127 621 3204 genuinum
645 3127 694 3204 sn,
716 3130 807 3207 aptius
832 3129 892 3190 sere
909 3129 1037 3207 judicet,
1071 3149 1107 3191 ex
1129 3151 1187 3210 quo
1209 3132 1256 3194 in.

253 3227 335 3296 colae
357 3226 491 3306 Sarrastes
510 3225 617 3289 fuerint
633 3229 799 3306 nuncupati.
846 3228 996 3307 Oppidum
1013 3231 1153 3304 Samum,
1171 3231 1252 3309 quod

252 3324 381 3390 sontibus
405 3313 465 3400 ejus
486 3325 578 3388 amnis
600 3327 750 3388 imminere
768 3326 862 3389 scribit
890 3328 1062 3401 Boccecius‚
1085 3326 1146 3390 aliis
1174 3331 1253 3390 inco.

173 3486 179 3505 ,
252 3428 382 3510 gnitum,
407 3425 449 3488 bis
471 3425 622 3489 Ravennae
642 3426 770 3489 recenset
793 3445 954 3505 anonymus
978 3427 1008 3488 L·
1031 3427 1079 3488 lv.
1094 3419 1125 3488 c.
1149 3444 1195 3506 32.
1221 3429 1252 3489 dc
1278 3475 1283 3482 .

252 3527 285 3591 L.
305 3527 339 3590 V.
357 3546 383 3592 c.
402 3545 429 3586 2.
453 3525 527 3604 Ergo
543 3524 655 3590 saeculo
672 3526 736 3592 Vll.
759 3523 856 3588 saltem
871 3527 929 3601 jam
944 3525 1036 3600 stetit,
1059 3524 1147 3586 hodie
1175 3526 1254 3603 prin.

254 3627 364 3707 cipetus
380 3623 466 3686 etiam
485 3623 569 3687 titulo
592 3626 724 3687 decorata
748 3625 796 3686 esi.
840 3624 937 3686 Plures
958 3623 1063 3684 habere
1081 3623 1175 3685 sontes
1190 3625 1257 3686 Sar.

254 3741 342 3801 num,
366 3723 481 3786 testatur
500 3741 615 3801 quoque
630 3723 796 3799 Cluverius;
838 3723 958 3801 suntque
981 3741 1081 3784 eorum
1110 3720 1158 3784 alii
1183 3719 1255 3804 uri

252 3823 293 3879 ri»
314 3821 427 3899 replerier
447 3819 483 3878 ri
513 3821 621 3893 ucecia,
642 3824 673 3884 in
694 3824 782 3886 Semo
798 3841 916 3898 monte,
943 3821 989 3884 ulii
1006 3820 1087 3883 aleius
1104 3820 1236 3884 oriuntur
1243 3861 1257 3892 .

254 3919 291 3983 ed
307 3919 445 3999 oppidum
469 3921 497 3983 S
520 3920 656 3984 Severini.
701 3921 838 3986 inlustret
863 3923 1027 3987 Sannione
1049 3920 1256 4001 orosiusque»,
