2830 4716
447 349 522 412 ΑΒ
582 347 837 411 FLUMINA
1068 365 1140 454 ις,

140 508 217 572 male
232 505 364 571 Florldus
385 503 506 568 Sabinus
519 504 542 568 Ι.
568 506 647 570 terr.
668 506 755 571 Subc.
774 527 838 587 capr
862 513 891 576 6.
918 530 952 574 ac
976 513 1070 591 primo
1086 519 1150 596 qui·

141 611 211 680 dem
229 607 305 679 Vibii
322 605 521 672 auctoritatem
541 604 590 674 lu‘c
620 604 714 668 valere
740 627 802 672 non
822 607 927 676 debere
954 613 1043 690 dicit,
1080 637 1150 688 eum

140 710 180 776 de
202 709 283 772 Oaxe
304 705 408 770 fluvius
429 703 533 776 Cretae
548 704 595 772 alii
612 724 713 767 ornnes
735 705 892 785 geographi
918 707 1034 786 fileant,
1069 716 1149 792 quod

141 827 193 868 eos
211 806 335 868 fauturos
356 801 438 879 soille
454 823 513 870 non
529 803 666 876 credibile
688 804 741 880 lit,
765 804 785 866 sr
802 805 826 866 is
842 803 883 867 ibi
896 805 1009 884 fuilset,
1032 826 1150 896 propter

139 903 216 966 illius
230 901 338 972 insulae
365 900 571 975 celebritatem.
613 903 702 980 Quod
723 916 820 968 auteur
838 902 992 970 Politianua
1006 907 1042 976 ab
1064 911 1148 984 Oaxe

140 1003 212 1064 fluv.
228 1003 329 1076 Cretae
348 1000 471 1062 Oaxiam
486 1000 611 1070 urbem,
636 1000 764 1080 &ipsam
782 1003 898 1074 Cretam
915 1005 1029 1068 Oaxirla
1043 1021 1149 1082 terram

141 1101 248 1167 dietam
268 1111 367 1176 putat,
384 1098 415 1160 id
436 1117 504 1164 eum
522 1098 580 1162 linc
599 1098 658 1162 ulla
690 1088 858 1176 auctoritate
885 1105 1085 1183 comminisci,
1121 1111 1151 1174 dt

142 1201 244 1262 doctos
264 1201 360 1277 potius
381 1199 512 1272 Servium
535 1197 633 1277 sequi,
658 1201 708 1278 qui
725 1200 830 1272 urbem
847 1219 909 1264 eam
922 1203 958 1267 ab
971 1204 1153 1285 Oaxellpol·

141 1297 208 1366 linis
222 1297 302 1371 filio,
324 1316 383 1356 non
401 1295 438 1358 ab
455 1298 537 1360 Oaxe
569 1298 680 1373 fluvio,
696 1318 803 1362 nomen
826 1300 963 1380 accepille
985 1307 1083 1372 auctor
1098 1307 1150 1380 eli,

137 1396 278 1460 ·Potuillet
302 1396 401 1458 Servio
420 1396 519 1458 testem
537 1397 642 1462 addere
655 1398 858 1477 Stephanum,
877 1401 925 1478 qui
949 1401 1044 1477 idem,
1068 1405 1149 1488 quod

143 1496 282 1570 Servius,
311 1494 426 1570 scribir;
447 1508 594 1574 praeterea
617 1515 633 1556 e
656 1497 797 1564 Politiano
829 1517 985 1576 quaerere,
1021 1521 1079 1582 quo
1102 1521 1151 1574 au-
1257 1549 1261 1560 ,

143 1597 223 1657 diere
241 1593 361 1662 Oaxiam
382 1594 459 1668 dicat
479 1599 598 1668 urbem,
631 1615 717 1672 quam
736 1597 901 1664 Herodotus
916 1598 966 1661 lv,
986 1619 1065 1676 154,
1088 1603 1150 1666 Sta·

144 1693 257 1771 pharius
285 1694 322 1753 de
341 1691 478 1768 urbibus,
508 1693 568 1762 &si
586 1696 784 1771 conjecturam
803 1695 932 1759 llleursrii
949 1697 986 1764 ab
998 1696 1034 1762 ls.
1051 1697 1149 1762 Vollio

146 1792 294 1870 probatam
312 1791 476 1882 sequimur,
501 1792 602 1872 Scylax
624 1813 689 1872 pag.
717 1813 766 1870 42.
806 1795 923 1864 Oaxum
951 1810 1066 1865 vocant.
1095 1797 1150 1862 Po·

146 1889 281 1952 stremum
299 1903 503 1968 argumentum
521 1891 651 1961 Politiani
666 1894 705 1954 ita
728 1892 832 1956 refellit
853 1893 1005 1968 Floridus,
1019 1909 1052 1957 ut
1072 1895 1151 1968 dicat

145 1989 315 2056 Politianunr
336 2003 439 2067 poetae
454 2004 582 2059 mentem
598 1981 658 2055 non
672 1989 728 2056 elle
749 1992 933 2068 adsecutum,
955 1993 1004 2071 qui
1024 1993 1082 2060 laec
1101 2013 1151 2064 va·

143 2087 199 2163 lit,
215 2108 264 2154 cos
281 2091 351 2168 ,qui
377 2091 448 2169 agris
473 2089 528 2152 luis
545 2092 629 2166 ejecti
644 2091 779 2167 fuerant,
797 2092 895 2170 queri,
912 2091 963 2160 srbi
979 2093 1008 2158 in
1022 2091 1085 2156 loca
1100 2093 1153 2156 deu

142 2187 233 2264 serta,
260 2188 401 2256 sitientem
426 2189 565 2263 Africam,
589 2190 736 2270 Scythiam
758 2193 785 2252 dr
806 2191 981 2257 Britanniam
996 2191 1149 2266 eundum,
1198 2238 1201 2243 .

143 2301 177 2350 ut
188 2287 291 2370 quibus
304 2289 465 2368 regionibus
487 2286 566 2358 nulla
584 2289 653 2352 ellet
669 2291 740 2356 aeris
754 2289 913 2368 benignitas
932 2292 960 2356 dt
977 2289 1149 2365 clementie,

144 2375 224 2450 nulla
243 2388 422 2464 humanitem
446 2389 679 2466 inprobatione
706 2391 737 2451 in
762 2389 877 2464 Cretam
898 2387 1019 2454 insulam
1053 2402 1151 2455 autem

143 2487 186 2548 nil
207 2486 477 2564 elseincommodi,
511 2507 584 2568 quae
606 2491 634 2550 dr
655 2489 837 2567 propinqua,
869 2487 1045 2559 &maxime
1068 2505 1151 2556 coma

142 2587 259 2664 moda,
282 2589 309 2647 ἃ
328 2585 449 2662 fertilis,
468 2588 496 2650 dr
520 2599 639 2658 centum
660 2587 778 2654 urbibus
795 2585 921 2650 habitata
937 2584 1021 2648 effet.
1053 2585 1152 2654 'Hace

141 2685 193 2748 ille
217 2705 269 2763 pro
292 2686 391 2756 Servio
413 2677 513 2757 contra
539 2685 730 2760 Politianum‚
752 2703 825 2764 quae
857 2685 943 2756 etiarn
967 2683 1096 2755 Brodaeo
1122 2685 1151 2754 dt

144 2782 266 2858 Cellario
281 2785 391 2864 opponi
407 2784 531 2864 polludt.
577 2786 653 2858 Nam
671 2784 751 2864 quod
763 2783 874 2861 Virgilii
891 2785 1151 2856 auetoritateman-

144 2903 232 2962 quarn
249 2898 418 2962 argumento
442 2904 495 2963 pro
513 2883 561 2956 sua
584 2883 742 2957 sententia,
771 2885 860 2954 utitur
882 2880 1042 2955 Cellarius,
1056 2868 1152 2958 id'pa·

143 3003 210 3046 rum
228 2984 379 3062 procedit,
398 2983 584 3060 &ejusmodi
606 2981 831 3062 argumentatio,
852 2979 1004 3058 quamdiu
1023 2979 1061 3046 de
1088 2976 1152 3050 sen„

143 3084 236 3146 tentia
255 3097 359 3162 poetae
385 3085 550 3164 quaeritur,
586 3083 706 3152 incurrit
734 3083 764 3142 in
787 3081 910 3154 vitium,
947 3077 1026 3156 quod
1050 3077 1153 3150 Graeci

141 3177 269 3256 alteribus
292 3184 319 3239 vl
349 3165 500 3259 (arduam,
538 3182 623 3261 logici
655 3182 828 3261 petitionem
864 3178 998 3258 principii
1035 3191 1150 3250 vocant

143 3279 282 3346 Varronis
297 3296 392 3352 autern
414 3283 586 3356 auomiras,
605 3280 851 3369 quemadmodum
869 3291 979 3348 temere
997 3277 1075 3352 rejici
1091 3295 1153 3340 non

145 3379 255 3454 debet,
272 3381 361 3447 modo
381 3381 491 3443 constet
506 3381 622 3452 Vibium
644 3382 674 3442 in
701 3399 737 3444 eo
768 3379 914 3449 laudando
940 3396 1000 3438 non
1028 3374 1151 3450 errollee

143 3477 185 3542 ita
208 3477 323 3552 fortalle
342 3498 403 3540 non
419 3493 498 3545 tanta
521 3481 580 3556 est,
604 3495 636 3544 ut
658 3481 689 3548 in
710 3479 839 3551 omnium
863 3475 1091 3559 geographorum
1119 3473 1153 3534 sr-

142 3575 239 3648 lemio
262 3577 320 3640 sola
341 3597 401 3651 rem
416 3579 559 3654 confieere
576 3577 670 3657 polsrt,
713 3579 806 3656 lltque
827 3577 901 3638 haec
914 3574 1032 3659 quidem
1051 3569 1154 3648 proba·

143 3675 242 3742 bilitet
262 3678 303 3740 ita
318 3691 419 3740 contra
435 3678 607 3750 sententiam
629 3696 754 3754 eorum,
785 3676 834 3761 qui
851 3675 963 3745 Oaxem
981 3671 1082 3732 Cretae
1101 3667 1155 3738 flu.

143 3793 216 3844 rnen
235 3774 292 3842 elle
315 3775 443 3853 volunt,
472 3777 606 3858 disputari
629 3776 754 3856 poliunt.
798 3774 950 3848 Caeterum
979 3786 1040 3830 non
1063 3768 1154 3846 ingra-

145 3885 207 3939 tam
230 3894 293 3936 rem
308 3875 438 3942 studiosis
457 3877 582 3944 moturus
598 3876 692 3940 fuillet
707 3876 786 3938 idem
798 3872 951 3946 Floridus,
977 3867 996 3930 sr
1022 3867 1155 3944 antiquu-

146 3991 213 4038 rum
233 3975 402 4046 auctoritare
421 3975 620 4053 sententiam,
633 3995 720 4054 quam
741 3988 800 4045 tum
818 3969 944 4044 animose
971 3981 1071 4042 9011th
1103 3965 1157 4030 1³0·
