2800 4716
471 287 545 380 ru
603 323 825 432 mounes
876 323 877 328 ‘
1069 311 1150 415 367

188 483 289 550 Strabo
309 480 341 544 la
358 479 393 544 V.
417 499 448 559 p.
469 487 540 543 226.
565 480 611 536 iel
632 478 659 538 ll
685 467 721 554 egl
739 479 863 557 Xupaluep
881 476 928 551 ’iper
949 481 1054 560 Φερωνία
1081 487 1151 548 reluta

146 579 204 644 zet».
229 581 334 645 Plinius
355 580 383 641 L.
405 578 459 641 Vll
488 598 514 644 c.
533 597 561 640 2.
588 579 677 639 Haud
682 579 782 662 procul
799 583 862 640 urbe
877 581 965 642 Roma
984 583 1012 642 ire
1030 579 1153 659 Falisco.

145 701 203 740 rum
220 701 285 763 agro
304 675 433 757 familiae
452 673 520 752 suru
538 697 665 758 paucae,
705 699 774 758 quae
800 698 934 739 uocantur
966 681 1069 763 Hirpi:
1100 683 1160 740 lrae·
1236 677 1238 685 ’

140 773 279 856 fiacrificio
304 795 408 852 annuo,
431 776 504 858 quod
516 774 555 852 fit
572 777 612 834 ad
628 795 739 836 montem
762 778 896 838 Soratleru
916 779 1061 860 Apollini,
1070 775 1151 862 super

144 877 289 958 ambustam
309 875 377 958 ligni
398 877 497 958 struem
515 874 683 934 arribulames
706 897 758 936 non
793 877 952 942 aduruntur.
989 893 1145 942 GRONOV.

187 975 276 1052 Quod
297 992 393 1036 autern
415 971 541 1052 Apollini
561 972 731 1036 sacrificium
750 975 811 1036 iieri
830 975 926 1037 scribit
941 975 1047 1038 Plinius
1063 991 1149 1056 atque

144 1073 259 1136 Solinus
287 1073 349 1152 post
366 1072 459 1152 ipsum
479 1075 509 1133 in
531 1073 630 1160 polyh.
652 1093 678 1138 c.
701 1085 728 1144 8.
747 1075 777 1135 id
791 1075 822 1134 in
840 1075 983 1136 honorem
1012 1076 1150 1139 Feroniae

144 1169 176 1232 in
201 1173 267 1234 luco
285 1173 369 1249 hujus
390 1172 444 1234 Dei
459 1174 557 1250 peragi
582 1187 679 1234 narrat
704 1173 815 1236 Strabo.
850 1173 913 1234 Post
941 1173 1029 1236 verba
1052 1177 1149 1252 enim,

146 1271 323 1333 aGronoviO
347 1273 430 1334 allata
453 1273 552 1337 addit}
576 1267 684 1346 orparla
707 1270 776 1331 πᾶλις
796 1275 845 1332 iel,
865 1264 1008 1344 iproirupe&
1029 1267 1150 1344 ἒπιχωμί
1173 1259 1176 1266 ¹

145 1375 190 1427 aot
219 1365 316 1443 Palmam
343 1371 467 1448 eruuulrp
490 1368 588 1445 uolitat
616 1369 663 1423 v‘rri
688 1365 736 1424 erit
756 1365 907 1436 novalem,
931 1357 957 1430 ria
980 1367 1076 1441 alueris
1100 1370 1149 1424 iste

145 1471 168 1524 ir
195 1456 232 1544 eal
258 1470 324 1544 tlara
350 1473 488 1542 Suomario
506 1465 630 1542 iapouoriur
653 1463 720 1535 iga.
744 1463 845 1526 Refert
862 1465 941 1532 (lein¹
960 1466 1046 1527 ritum
1077 1483 1149 1525 eun·

145 1567 229 1642 dem,
258 1588 345 1646 quem
363 1586 400 1629 ex
426 1565 516 1628 Plinio
532 1565 722 1626 recitavimus.
746 1563 826 1624 Facit
841 1582 909 1625 cum
926 1563 982 1625 hoc
1005 1561 1145 1640 Virgilius,

144 1667 221 1744 apud
247 1687 334 1745 quem
360 1668 400 1727 ita
425 1681 557 1744 precatur
578 1665 670 1725 Aruns
693 1667 764 1728 Aen.
778 1662 811 1725 L.
829 1663 885 1730 Xl.
910 1684 936 1725 v.
957 1675 1051 1744 785„

268 1793 374 1850 Summe
399 1791 490 1848 Deum
503 1782 592 1863 fitam
617 1787 702 1867 custos
727 1786 845 1848 Soraiiis
867 1786 990 1869 Apollo,

272 1890 360 1967 Quem
378 1887 461 1969 primi
486 1886 598 1945 colimus
608 1927 619 1954 ,
641 1885 686 1943 cui
704 1886 803 1966 pineus
822 1886 904 1944 ardor
924 1906 1021 1946 aceruo

268 1981 400 2062 Poscitur
426 1986 452 2046 δ’
470 1986 583 2045 medium
600 1979 669 2064 freti
688 1985 792 2066 pietate
809 2005 860 2064 per
880 1984 966 2068 ignem

270 2083 393 2144 Cultores
423 2083 510 2144 mura
525 2085 670 2164 premimus
689 2084 805 2166 vestigia·
814 2105 913 2165 pruna.

142 2209 250 2286 Adjicit
270 2209 335 2269 heic
359 2208 494 2273 Serviust
530 2207 581 2286 Iste
610 2207 715 2286 quidem
734 2209 784 2266 lioc
803 2207 898 2283 dixit,
917 2202 971 2282 sed
987 2212 1071 2269 Varro
1087 2212 1148 2270 ubi.

141 2329 193 2388 que
216 2324 382 2389 expugnator
402 2306 539 2388 religionis
563 2305 622 2379 air,
662 2326 722 2363 cum
757 2308 891 2386 quoddam
926 2311 1162 2370 medicamentum*

142 2401 287 2479 describir3
306 2426 335 2464 eo
360 2405 402 2464 uti
432 2401 521 2479 fhlem
544 2405 654 2485 Hirpini
690 2404 872 2482 (legendum
907 2408 1001 2469 forsan
1035 2415 1063 2472 ἃ
1095 2411 1145 2471 hic

142 2507 227 2586 Hirpi
246 2505 285 2570 cf.
305 2503 371 2564 sane
393 2503 558 2564 Harduinus
573 2505 609 2563 ad
633 2504 680 2564 cit.
704 2503 786 2563 Plinii
806 2504 890 2580 loc.)
914 2505 1079 2568 ambulaturi
1091 2530 1144 2590 per

76 2591 79 2597 ¹
140 2606 247 2686 iguem,
272 2603 462 2664 medicamento
483 2601 599 2685 plautas
620 2618 732 2684 unguor.
761 2602 798 2662 cf.
819 2621 904 2679 porro
925 2604 1008 2666 Silius
1026 2605 1088 2667 Ital.
1109 2608 1146 2669 L.-

140 2704 178 2764 V.
197 2724 226 2765 v.
252 2722 319 2781 175.
341 2702 450 2780 Pugnat
468 2721 521 2779 pro
543 2700 676 2780 Apolline
695 2719 811 2778 quoque
836 2700 986 2764 Cluverius
1003 2703 1064 2765 ltal.
1081 2715 1141 2766 an't.

141 2803 176 2866 L.
193 2802 230 2865 ΙΙ.
256 2823 282 2864 c.
309 2821 335 2880 3.
359 2801 493 2862 Veterem
519 2789 654 2861 frairdias
681 2797 857 2861 Scholiasten
881 2800 992 2860 Horatii
1016 2803 1053 2862 ad
1069 2802 1100 2867 L.
1119 2801 1143 2866 l.
1189 2845 1191 2848 -

141 2904 192 2964 od.
212 2922 240 2977 9.
257 2904 347 2961 Sorax
368 2899 438 2960 olim
458 2901 550 2960 dicius
566 2918 650 2960 mons
669 2898 725 2968 est,
748 2899 816 2960 dein
832 2897 962 2959 Soraiies.
985 2900 1070 2977 Apud
1082 2901 1144 2962 Ho.

141 3003 247 3064 ratium
269 2999 391 3062 neutrali
410 3000 502 3060 forma
529 2998 665 3072 effertur,
687 2996 830 3058 candidum
850 2997 964 3058 saraae.
1004 2999 1143 3064 Nominis

106 3110 113 3118 '
139 3101 316 3177 originema
338 3099 411 3160 Ditis
426 3099 513 3176 patris
535 3099 707 3176 cognomine
725 3097 873 3172 derivant,
897 3116 954 3173 quo
981 3097 1005 3158 is
1023 3099 1146 3163 Soranus

140 3199 185 3260 est
200 3210 329 3263 vocatus.
362 3198 476 3276 Hirpini
502 3217 616 3275 quoque
639 3197 739 3260 Sorani
764 3197 851 3271 dieti,
886 3196 955 3257 teste
980 3198 1079 3260 Servio
1106 3199 1144 3262 ad

138 3297 253 3374 Virgilii
275 3295 294 3358 l.
316 3316 341 3358 c.
371 3297 466 3359 Hodie
493 3295 625 3356 ilMame
646 3296 675 3354 di
697 3296 727 3356 S.
749 3293 873 3378 Silaestro
896 3311 1021 3358 vocatur.
1055 3297 1142 3375 Apud

139 3397 325 3460 Harduinum
355 3395 374 3457 l.
396 3416 421 3458 c.
450 3397 552 3457 dicitur
572 3395 596 3452 il
614 3412 704 3457 morue
720 3395 750 3453 di
765 3395 796 3455 S.
831 3394 943 3473 Oreste,
970 3393 1048 3472 apud
1058 3395 1143 3456 Orte·
1187 3439 1188 3442 ,

138 3496 216 3558 lium
233 3496 256 3552 il
266 3513 351 3554 mame
367 3496 396 3554 di
411 3498 441 3556 S.
458 3494 660 3578 Tresto‚f0rsan
678 3489 734 3572 per
746 3513 883 3558 errorem.
901 3493 945 3555 De
965 3493 1048 3553 fonte
1066 3495 1142 3568 ejus,

138 3594 310 3676 pestiferum
347 3596 496 3656 emittente
526 3594 664 3668 halitum,
687 3594 792 3654 Plinius
828 3593 860 3655 L.
881 3589 999 3660 XXXI,
1023 3610 1085 3668 cap.
1112 3611 1147 3654 2.

142 3695 232 3756 Varro
247 3694 351 3768 tradit,
371 3697 411 3752 ad
426 3695 553 3756 SoraeVert
575 3689 621 3770 effe
635 3689 757 3771 firmem,
779 3689 857 3772 cujus
871 3693 911 3768 fir
933 3689 1052 3750 latitudo
1073 3707 1142 3768 qua·
1187 3695 1196 3744 V
1229 3680 1231 3684 ’

137 3809 207 3853 tuor
230 3794 338 3874 pedum,
375 3792 438 3852 Sole
455 3777 562 3853 oriente*
583 3811 640 3852 eum
669 3793 823 3866 exundare,
856 3785 974 3870 feruenti
1004 3787 1116 3866 fimileru
1127 3831 1139 3872 ‚

135 3885 284 3972 aueiffiue,
321 3911 389 3974 quae
416 3893 593 3975 gustaverim,
622 3889 710 3974 juxta
724 3908 843 3952 mortuas
856 3885 956 3973 jacere.
1001 3886 1039 3949 O.
