2830 4716
372 369 377 375 ,
435 305 509 366 nn
569 305 834 369 ruumrran
1066 325 1144 410 ¹57

138 469 207 536 bam
227 478 353 541 aretam,
386 463 501 528 &ideo
525 462 743 542 turbulentum,
768 471 848 546 quod
864 471 892 533 tir
908 470 1025 536 Florid'o
1044 471 1145 544 &Sal

138 569 226 632 masto
244 553 347 645 placet.
391 563 456 626 Neo
477 578 524 625 rne
546 575 663 635 moret,
688 575 745 642 quo
769 583 938 646 argumento
971 575 1143 652 Erythraeus

140 669 174 730 in
193 667 287 728 indice
306 661 403 741 Virgil.
419 681 471 740 pro
487 662 520 724 iis
537 676 662 741 pugnat,
687 665 736 740 qui
752 663 865 728 Cretam
879 670 911 730 in
932 670 987 734 hoc
1009 676 1089 738 versu
1105 679 1143 742 do

140 765 234 828 irrsula
253 764 419 841 accipiunt,
442 761 520 839 quod
544 762 746 828 austeritatem
766 763 883 828 alterius
905 767 1063 848 scriptoris,
1092 777 1144 855 qui

141 865 260 944 rapidus
280 864 407 942 genitivo
432 862 576 936 junxerit,
602 877 697 938 neque
715 861 761 922 alii
780 863 947 941 attulerint,
979 888 1073 948 neque
1088 892 1143 953 ego

140 963 254 1026 adferre
270 960 390 1040 pollrma
415 959 503 1023 multa
518 959 582 1023 funt
604 960 681 1036 apud
703 963 835 1040 antiquor
861 957 933 1042 breg
953 969 1142 1042 neniarum&

140 1062 199 1124 hoc
218 1061 311 1141 ipsum
332 1075 421 1139 genua
444 1058 593 1133 dictionis,
619 1079 677 1140 quo
695 1059 835 1136 adjectiva
859 1063 982 1128 verbalia
1010 1066 1041 1129 ln
1061 1069 1140 1146 idus,

141 1180 181 1223 ue
198 1162 234 1222 de
249 1159 310 1220 aliis
337 1160 454 1233 dicam,
476 1159 604 1237 genitivo
630 1156 793 1223 substantivi
814 1164 992 1241 junguntur,
1031 1185 1143 1246 praeter

141 1275 273 1322 naturam
291 1258 462 1333 verborum,
485 1277 501 1320 a
522 1257 624 1335 quibua
645 1257 829 1336 derivantur,
854 1261 990 1339 frequens
1011 1266 1049 1326 eil
1065 1253 1144 1346 apriti

144 1360 275 1436 antiquos
291 1403 301 1433 ,
320 1355 480 1433 cujusmodi
502 1356 567 1420 sont
585 1367 615 1419 v.
636 1375 678 1435 gt.
699 1356 837 1432 callidus,
860 1360 978 1436 avidus,
993 1367 1143 1442 providus,

142 1458 277 1528 invidos,
301 1456 431 1530 validus,
448 1456 492 1518 ,ire
515 1455 693 1533 improvidus
710 1454 795 1519 subiti
818 1457 897 1520 casus
923 1461 1000 1536 apud
1018 1462 1144 1536 Juvena-

142 1556 217 1632 lem,
233 1558 393 1635 impavidus
413 1555 503 1617 somni
524 1556 600 1632 apud
618 1553 717 1617 Silium
735 1554 797 1619 ltal.
828 1557 938 1618 validus
957 1561 1044 1620 animi
1066 1563 1144 1640 apud
1171 1573 1174 1580 ⁴

142 1657 294 1729 Tacitum,
311 1655 412 1733 quibus
425 1653 590 1715 insolentius
611 1673 670 1714 non
687 1654 779 1730 potest
799 1656 889 1716 videri
910 1659 1023 1737 rapidus
1040 1678 1144 1734 cretae,

144 1773 212 1816 cum
229 1753 390 1832 praesertim
410 1753 511 1815 eadem
530 1753 639 1814 ratione
661 1751 819 1830 ellipseus,
853 1774 908 1832 qua
929 1754 977 1816 illa
1009 1757 1144 1835 explicari

145 1853 238 1941 pellit.
261 1854 341 1916 Haeo
359 1855 396 1914 de
409 1854 490 1915 Oaxo
511 1854 539 1914 δι
565 1850 703 1913 sententia
723 1856 826 1928 poetae
850 1851 948 1913 dixille
972 1852 1098 1918 sufficiat

189 1952 332 2030 Scythiam
354 1952 511 2014 &Oaxem
533 1951 589 2012 dici
610 1964 682 2029 puto
706 1969 769 2028 pro·
786 1951 891 2010 Oaxen
907 1954 1062 2032 Scythice,
1088 1967 1145 2036 ut,

144 2049 177 2114 In
196 2051 218 2113 l.
237 2051 355 2113 Aeneid.
377 2051 406 2109 in
431 2051 522 2112 brevia
539 2049 566 2109 fe
575 2045 667 2129 syrtes
683 2062 764 2128 urget
780 2068 833 2126 pro
848 2048 876 2108 iu
897 2051 989 2112 brevia
1008 2044 1144 2132 sjrrtr'um,
1258 2133 1259 2138 ἵ

144 2149 246 2212 &alia
269 2148 452 2225 hujusmodi,
474 2167 547 2226 quae
569 2169 629 2209 non
645 2147 736 2210 solum
757 2148 834 2227 apud
857 2152 976 2226 poimm
996 2149 1045 2212 led
1058 2153 1146 2218 etiarn

142 2249 243 2328 prosae
270 2249 420 2326 scriptores
440 2246 505 2311 sunt
524 2246 755 2325 frequentissima.
802 2246 935 2310 Potuerat
964 2249 1102 2326 quidem,
1122 2252 1145 2314 st

144 2349 208 2425 quis
227 2349 285 2409 hoo
303 2349 373 2408 mihi
393 2363 538 2426 opponat,
566 2351 652 2424 poeta
670 2345 767 2406 dixille
782 2347 856 2406 Pars
868 2347 998 2428 Scythiae
1020 2350 1144 2431 rapidum

145 2465 234 2508 cretae
258 2447 392 2508 veniemus
415 2433 621 2521 chcm„sed,
635 2447 697 2523 quir
720 2463 781 2507 non
804 2445 900 2515 videt,
921 2464 958 2527 ¹ea
974 2448 1084 2510 ratione
1099 2467 1148 2512 ve·

143 2546 285 2608 nustatem
303 2546 464 2623 &gratiam
481 2543 576 2607 versus
597 2543 678 2606 fuiile
697 2545 880 2622 perituram?
913 2543 978 2619 Jam
997 2565 1066 2608 vero
1083 2549 1149 2626 epi·⁸

143 2644 252 2706 rhetori.
266 2644 389 2725 rapidum
409 2646 518 2722 optime
538 2645 694 2706 convenire
708 2643 775 2705 Oxo
796 2639 926 2718 exiliis,
956 2663 1027 2722 quae
1054 2661 1085 2708 tu
1112 2647 1146 2713 irr

142 2742 234 2804 literis
255 2745 309 2804 tois
332 2743 470 2805 defluvio
485 2741 535 2804 illo
550 2761 587 2803 ex
600 2729 733 2815 Arriano,
762 2739 881 2818 Polybio
910 2743 938 2802 δι
965 2742 1065 2804 Curtio
1092 2743 1146 2807 ob·

143 2839 278 2914 servasti,
293 2839 357 2903 latia
373 2853 462 2918 patet.
506 2843 570 2904 Neo
588 2839 735 2904 ulla-ratio
757 2838 821 2908 eli,
866 2858 917 2902 cur
943 2842 1022 2902 vocis
1055 2843 1147 2903 Cretae

145 2941 286 3018 expositio
302 2941 454 3010 Seruiana,
485 2959 557 3019 quae
580 2940 666 3002 etiam
687 2937 802 3001 Florido
823 2937 931 3000 Sabino
954 2941 982 3002 &
1011 2937 1147 3004 Salmafiu

144 3038 432 3118 placuit,improbari
448 3037 563 3116 debeat.
586 3036 717 3116 Denique
728 3037 827 3100 Oaxus
838 3037 960 3101 &Ortus
974 3037 1033 3100 line
1046 3038 1144 3104 diserta

118 3145 121 3152 ’
141 3137 224 3200 mine
236 3138 294 3199 dici
310 3139 395 3200 docet
412 3136 581 3214 Salmasius,
595 3137 842 3218 quemadmodum
860 3133 968 3207 o’enler
987 3140 1015 3202 ic
1032 3135 1146 3211 ’ogiam

142 3250 232 3313 atque
250 3237 327 3298 idem
344 3239 431 3300 etiam
452 3251 534 3299 notat
550 3233 724 3315 in‘anttqiis
743 3237 820 3300 libris
838 3235 919 3300 Plinii
933 3237 982 3301 Vl.
1005 3245 1051 3302 16.
1063 3238 1148 3304 scribi

144 3335 230 3398 oxus
250 3337 337 3396 amnis
351 3355 426 3397 ortus
444 3337 473 3396 in
492 3336 558 3397 lacre
570 3337 668 3411 Oaxo,
699 3335 749 3400 ubi
767 3335 876 3415 vulgati
893 3335 1002 3400 habent
1024 3339 1055 3400 in
1080 3338 1147 3404 lacti

149 3441 211 3503 uxo
227 3485 237 3514 ,
260 3438 337 3518 quod
353 3439 439 3500 eriam
452 3436 565 3500 Solinus
588 3437 713 3499 retinuit.

527 3551 686 3600 ntltffilttls
704 3535 731 3596 in
750 3533 821 3615 epist.
844 3535 884 3594 ad
900 3532 1107 3597 Schminctr'um

190 3636 537 3720 Nunquamlatgumcntis
553 3635 619 3698 licet
634 3634 670 3696 ab
690 3647 808 3712 utraque
823 3645 903 3712 parte
920 3633 1011 3714 probe
1026 3648 1148 3711 perpera.

145 3737 183 3800 fis
203 3757 220 3800 a
246 3755 292 3798 me
310 3737 461 3813 impetrare
476 3737 580 3814 potui,
603 3746 635 3798 ut
654 3733 803 3813 Virgilium
832 3753 883 3813 per
908 3733 1020 3796 Oaxem
1047 3733 1150 3798 Cretae

146 3835 254 3900 msulae
276 3836 399 3898 fluvium
417 3833 574 3914 intelligere
591 3835 757 3909 crederem;
787 3832 872 3910 hujus
892 3833 969 3894 enim
993 3829 1151 3898 tententiae

149 3939 262 4015 patroni
275 3935 336 3998 iulo
352 3935 427 3999 Vibii
450 3924 569 4014 (trultra
586 3934 720 4016 Virgilius
740 3933 796 3998 hau
810 3934 839 3995 in
852 3951 883 3996 re
895 3929 1052 4011 laudatur)
1075 3933 1150 4006 tetii,
