2780 4712
303 353 306 362 ,
390 313 467 376 tn
525 257 779 373 nirimrnr
1015 322 1091 401 ¹27

90 469 240 560 speluncas-
255 466 283 534 b
297 465 407 556 asperas
429 468 641 541 concavitatem
660 466 689 528 irr
718 489 804 549 quar,
821 469 910 550 fleme
928 469 1093 558 Euroarque

96 570 194 652 Africo
207 618 217 650 ,
232 567 418 652 frequentibus
437 558 567 652 procellis
587 565 680 627 delata
707 559 789 628 merit
819 571 954 652 tempestas
975 569 1094 658 reftmgi'.

94 690 142 733 tur
165 692 199 732 ae
218 670 328 749 resralla
353 665 500 728 maximum
533 663 589 723 edit
604 657 751 748 fragorem,
806 659 937 744 Denique
963 671 1093 753 Jlagrrarrs

21 773 22 780 ’
95 769 176 848 quod
205 763 320 846 Virgilio
341 757 462 826 Helorus
485 755 635 837 salutatur,
662 763 731 824 Aen.
751 762 782 826 L·
800 761 853 831 Ill.
871 783 897 826 v.
923 775 991 843 ⁶89.
1021 763 1093 853 inde

92 866 202 936 facium
226 857 481 936 essentiarum,
502 860 580 940 quod
596 881 647 943 per
660 851 756 942 paffirs
774 861 846 922 mille
867 865 907 923 ad
937 855 1030 946 ossr'urri
1047 857 1093 945 us·

95 984 147 1044 que
163 964 231 1023 adeo
246 955 300 1022 leni
317 981 352 1022 ec
371 959 484 1046 placido
500 965 608 1020 tramite
635 957 752 1030 incedit,
774 977 805 1018 ut
821 959 911 1044 stagni
937 963 1017 1038 infler
1041 965 1092 1026 vire

92 1059 156 1120 loco
174 1059 273 1120 moveri
292 1059 437 1132 uideatur;
457 1056 615 1117 hiemalibus
630 1077 731 1138 quoque
749 1055 898 1136 imbribus,
923 1057 1016 1137 clauso
1027 1064 1091 1146 oflia

94 1158 179 1218 maris
200 1157 344 1235 flullibus,
368 1152 434 1215 atleo
451 1147 606 1236 frequenter
620 1149 777 1232 cunstat,
799 1174 831 1215 tet
852 1157 927 1240 agris
940 1181 1013 1221 more
1029 1155 1094 1220 Ntli

92 1249 482 1338 fiepefiordaturstaqnetque.
526 1249 614 1331 Quod
635 1253 728 1332 ipsum
744 1251 801 1330 jam
820 1251 932 1317 Servius
953 1257 989 1318 ad
1004 1249 1095 1336 Virgi-

94 1353 170 1414 lium
199 1366 308 1414 notarat
339 1353 544 1430 innectitque,
567 1371 584 1413 a
606 1345 744 1427 Graecis,
781 1349 830 1430 qui
846 1349 940 1434 stagna
956 1347 997 1415 tm
1018 1374 1094 1418 nun·

55 1499 59 1508 .
94 1467 219 1529 cupent,
242 1471 349 1513 nomen
366 1452 443 1513 amni
466 1449 614 1512 tributum.
643 1448 681 1511 ci.
713 1448 916 1514 &Cluverius
943 1452 999 1516 Sic.
1029 1467 1093 1521 ant,

95 1546 130 1614 L.
149 1549 171 1612 l.
187 1570 211 1612 c.
229 1566 272 1626 13.
317 1549 417 1612 Helori
436 1545 537 1628 oppidi
558 1547 679 1623 rudera,
701 1543 869 1623 atheatris,
893 1570 1015 1628 quorum
1027 1551 1093 1616 fun·

97 1652 231 1712 (lamenta
249 1647 344 1712 adhuc
362 1639 690 1722 cernuntur,'Colrfium
717 1647 745 1708 ἃ
777 1646 806 1708 S.
830 1643 952 1729 Philippi
980 1663 1091 1724 vocata,

97 1748 203 1810 restant
220 1746 359 1823 inloco,
381 1765 466 1825 quem
488 1766 505 1822 a
524 1745 644 1806 domino
664 1742 715 1806 suo
729 1742 813 1804 Muri
836 1739 909 1804 Ueri
932 1745 1032 1805 Roeari
1052 1745 1093 1808 sa-

66 1919 70 1928 ,
97 1843 194 1909 lutam
211 1845 340 1924 accolae,
360 1844 429 1908 teste
450 1841 607 1908 Fazellol.
631 1863 657 1906 c.
702 1841 739 1904 Ο.
802 1920 818 1930 ,⁴

509 2018 687 2142 Himella

139 2220 186 2287 Ile
203 2219 328 2286 Himella
350 2217 482 2300 Virgilius
498 2222 567 2282 Aen.
591 2219 624 2284 L.
642 2215 706 2284 vti.
724 2235 752 2282 r.
776 2233 844 2298 τις.

226 2345 284 2426 Qui
305 2339 423 2404 Tetricae
447 2343 589 2404 horrenteis
610 2364 686 2426 rupes
707 2362 865 2426 montemque
888 2345 1012 2406 Severum

223 2438 425 2524 Casperiamque
444 2443 554 2524 colunt,¹
574 2436 734 2524 Forulosque
758 2435 785 2503 (i
797 2444 899 2523 flumem
916 2444 1060 2508 Himellae.

911 2558 1049 2607 nussum

99 2637 254 2706 &cencius
270 2635 357 2703 habet
375 2633 468 2700 lmale
491 2637 617 2720 itemque
634 2623 740 2706 intelle.
782 2633 817 2702 ln
835 2635 962 2704 Tiberim
977 2636 1097 2703 influere

101 2740 192 2799 credit
215 2737 359 2800 cellarius.
404 2739 490 2800 Nunc
521 2738 617 2822 Aggr'a
638 2738 750 2800 dicier
769 2734 985 2816 Ligoriitabula
1014 2735 1094 2818 regni

101 2834 284 2914 Neapolitani
313 2836 398 2898 tradit
417 2835 551 2899 Ortelius.
594 2832 661 2898 Aliis
677 2830 735 2914 Aja
749 2835 788 2896 est
813 2833 877 2908 vel,
900 2835 1027 2913 praefixo
1053 2855 1096 2896 ar-

99 2933 189 2996 ticulo
202 2979 213 3010 ,
224 2929 305 3016 laia.
317 2933 472 2998 v.Brietins
486 2935 517 2996 in
535 2933 632 3014 parali.
647 2933 682 2996 G.
693 2933 727 2996 V.
738 2933 813 3002 &N.
823 2934 861 3002 Τ.
874 2933 911 3001 ΙΙ.
928 2954 959 3014 p.
969 2942 1040 3004 611.
1053 2935 1093 3003 O.

497 3083 703 3200 Herbesos

142 3303 258 3370 Solinus
279 3305 377 3388 polyh.
401 3328 426 3372 c.
448 3329 474 3386 ς.
501 3309 587 3394 Apud
612 3310 765 3393 Segestanos
792 3303 930 3389 Helbefius
958 3305 987 3370 in
1012 3308 1099 3371 meelio

92 3405 208 3483 flumine
235 3399 329 3480 fiebita
360 3407 553 3489 exaestuatione
578 3402 680 3487 fervet.
722 3428 750 3472 v.
779 3406 824 3470 M.
858 3409 923 3468 Ant.
955 3407 1098 3490 Delrionis¹

98 3501 220 3566 emend.
245 3521 281 3564 ert
297 3503 340 3594 ill.
357 3504 479 3568 Salmasti
500 3505 568 3568 Plin.
588 3507 703 3568 exercit.
724 3507 755 3566 in
786 3505 875 3570 Solin.
906 3505 1005 3584 polyh.
1030 3505 1097 3572 Lo.

96 3599 151 3676 qui
172 3615 270 3676 tamen
291 3600 405 3666 nonita
426 3603 548 3666 multum
567 3604 638 3668 lucis
658 3603 782 3666 afferunt
797 3603 924 3682 scriptori
938 3603 1052 3670 nostro,
1066 3613 1099 3662 ut

95 3714 141 3757 ne
160 3695 365 3782 disconveniat
382 3701 457 3764 inter
481 3721 547 3767 eum
564 3705 591 3764 ἃ
610 3703 755 3770 solinum.
781 3716 920 3768 uisset.
1004 3701 1099 3764 Locus

95 3794 176 3857 mire
197 3796 335 3860 turbatus.
376 3795 522 3875 Herbesum
544 3800 664 3864 fluvium
678 3803 805 3880 itemque
828 3793 1007 3860 Etruriam&
1042 3794 1100 3875 op?

95 3891 205 3972 pidum
227 3893 366 3954 Allariam
386 3897 518 3977 ignorant
538 3914 670 3977 veterem
693 3898 772 3964 binas
790 3899 875 3961 urbes
899 3887 1028 3958 Herbeffi
1047 3916 1101 3979 no-¹

96 4009 186 4054 nime
210 3992 354 4072 referunt,
376 4009 408 4059 ut
429 4010 510 4078 putat
524 3997 672 4063 Cluverius
688 4000 742 4062 Sic.
765 4009 824 4066 ant.
845 3994 876 4059 L.
892 3993 929 4058 11.
951 4013 976 4058 c.
1004 3996 1100 4084 rog&
