2830 4716
271 293 347 402 158
492 306 678 366 nouus
735 302 1053 374 vroronuur'

265 459 366 536 monio
382 463 530 542 ninuntur,
552 465 601 545 qui
620 479 657 528 sn
677 475 737 526 tion
758 467 789 526 in
806 451 953 531 laudando
970 469 1100 536 Varrone
1127 473 1269 559 deceptus

264 569 370 640 fuerit,
393 567 442 630 vix
464 564 613 640 dubitem
636 563 774 642 siquidem
789 566 820 626 in
839 566 890 628 illo
908 567 976 632 loco
999 567 1155 648 Varronis,
1181 593 1267 656 quem

263 667 349 732 nobis
361 664 483 728 servavit
501 664 635 739 Servius,
654 663 740 741 plane
753 669 927 729 contrarium
940 671 1099 748 reperiturt
1121 677 1268 742 nonenim

263 764 369 830 dicitur
383 763 490 824 ibidem
509 762 625 824 Oaxum
644 762 745 825 urbem
770 763 805 825 ab
819 765 902 828 Oaxe
919 767 1009 830 fluvio
1034 762 1268 852 denominatam,

261 866 313 930 sed
327 866 441 927 Oaxum
461 861 518 922 sive
531 861 643 923 Oaxern
667 881 683 922 a
703 863 852 924 conditore
868 864 918 927 suo
939 867 1080 944 Apollinis
1108 875 1137 934 ἃ
1168 870 1269 935 sinthi-

262 965 346 1026 le'nae
362 960 421 1022 filio
438 959 520 1021 Oaxe
534 979 644 1022 nomen
669 959 825 1040 accepisse,
849 953 878 1025 dr
906 958 977 1026 hinc
1005 966 1125 1030 insulam
1152 971 1266 1034 Cretam

262 1064 350 1124 etiam
373 1058 505 1122 tellurem
525 1059 637 1122 Oaxlda
654 1061 760 1122 didam
781 1061 880 1136 fuisse,
902 1083 975 1141 quae
995 1066 1147 1128 dosliffimi
1165 1070 1268 1132 Varro·

260 1163 305 1224 nis
327 1159 466 1222 sententia
486 1154 579 1220 multo
601 1158 787 1222 verosimilior
801 1159 856 1235 est,
878 1180 964 1238 quarn
981 1163 1047 1238 illa,
1065 1169 1147 1241 cujus
1164 1167 1267 1230 Vibius

260 1260 441 1322 mentionem
458 1246 545 1332 faciti
568 1256 651 1334 plura
668 1259 746 1319 enim
760 1259 893 1336 exempla
908 1262 939 1321 in
960 1260 1071 1324 historia
1083 1260 1202 1327 fabulari
1216 1287 1266 1329 oe-

260 1370 396 1432 currunt,
414 1355 516 1434 quibus
531 1355 645 1432 probari
668 1356 769 1434 potest,
784 1356 892 1433 urbes,
915 1360 1064 1438 regiones,
1081 1363 1141 1423 imo
1159 1365 1265 1428 fluvios

259 1458 355 1538 potius
377 1456 502 1534 agentis
523 1453 570 1516 tel
586 1454 663 1516 urbis
685 1455 836 1518 conditore
858 1459 1057 1534 denominari,
1072 1480 1189 1538 quama
1210 1464 1265 1525 flu.

257 1561 329 1628 vio,
348 1555 477 1634 quamuis
497 1573 556 1614 non
580 1555 711 1632 ignorem
734 1557 762 1616 st
785 1556 919 1632 quasdam
938 1557 1022 1618 urbes
1038 1578 1054 1618 a
1069 1559 1160 1620 fluviis
1171 1560 1264 1623 dictas

258 1657 324 1718 esse.
366 1656 511 1717 Praeterea
536 1654 649 1716 videtur
666 1651 715 1713 ille
734 1656 833 1715 audior
846 1654 1073 1731 praeferendus,
1105 1658 1152 1734 qui
1172 1657 1263 1720 verba

257 1754 334 1834 ipsa,
356 1753 461 1831 quibus
481 1751 559 1814 suam
576 1751 747 1842 sententiam
772 1753 894 1830 probat,
924 1754 1059 1829 adducit,
1082 1773 1166 1832 quarn
1188 1756 1261 1832 ille,

257 1856 307 1934 qui
327 1854 438 1916 nullutn
457 1851 651 1914 testimonium
663 1850 732 1918 ‚solo
749 1853 869 1912 nomine
884 1865 1039 1915 contentus
1053 1855 1264 1932 profert,quo.
1357 1919 1361 1926 ,

256 1955 336 2016 niam
351 1954 388 2015 de
409 1955 470 2027 ejus
488 1951 606 2014 veritate
630 1950 672 2012 nil
688 1951 842 2029 quicquam
856 1952 927 2013 certi
948 1952 1030 2014 statui
1050 1953 1143 2030 potest
1161 1973 1196 2014 ex
1216 1973 1261 2014 ar·

256 2051 386 2134 gumenti
407 2051 533 2117 defectu.
576 2049 709 2129 Virgilius
726 2047 786 2128 ipse
802 2047 970 2112 scholiasten
989 2050 1072 2112 suum
1093 2051 1260 2122 defendere,

256 2155 285 2214 dr
298 2154 418 2212 innuere
431 2150 561 2224 videtur,
584 2167 671 2227 quem
689 2166 740 2226 per
756 2148 869 2210 Oaxem
881 2149 1023 2226 intelligat
1036 2151 1157 2212 fluvium
1169 2195 1177 2223 ,
1189 2171 1258 2213 nam

255 2251 359 2314 diserte
374 2249 497 2326 regionis
514 2247 667 2326 Scythiae,
692 2249 724 2308 in
746 2265 801 2325 qua
817 2248 900 2312 Oxus
920 2246 968 2309 seu
984 2248 1103 2322 Oaxus,
1137 2249 1260 2310 mentio·

254 2367 323 2411 nem
341 2347 420 2412 facit.
464 2347 534 2408 Non
551 2348 654 2424 ignoro
673 2347 811 2425 quidem,
832 2346 952 2408 admissa
968 2347 1024 2408 has
1049 2347 1188 2409 sententia
1206 2351 1259 2411 du-

254 2463 316 2509 ram
339 2447 402 2508 fore
426 2445 535 2524 Virgilii
557 2445 757 2522 locutionem,
781 2446 830 2507 sed
850 2445 925 2507 malo
947 2447 1050 2509 duram
1079 2447 1132 2524 ipsr
1155 2447 1264 2534 adseri-U

253 2549 339 2623 bere,
369 2565 441 2625 quae
456 2543 559 2624 procul
580 2546 661 2606 omni
689 2545 779 2608 dubio
801 2544 852 2607 suo
874 2557 1006 2623 tempore
1036 2543 1123 2623 plana
1145 2549 1172 2609 dt
1194 2566 1258 2624 per-

252 2647 350 2726 spicua
363 2646 436 2719 fuit,
460 2663 546 2722 quam
561 2643 721 2707 dodiffimu
738 2655 842 2722 poetae
860 2646 1035 2708 eontrarium
1049 2645 1183 2724 affingere
1192 2645 1257 2707 sen-

251 2746 324 2810 sum.
368 2743 405 2807 Et
420 2736 507 2817 sane,
525 2743 646 2806 srServii
667 2744 891 2822 explicationem
904 2747 1029 2824 penitius
1055 2745 1252 2822 inspiciamus,

251 2861 313 2907 non
332 2856 391 2906 tam
409 2841 528 2905 absurda
546 2861 579 2904 ac
603 2844 700 2921 inepta
717 2845 843 2920 putanda
863 2843 924 2919 est,
946 2845 1026 2906 idem
1047 2847 1140 2918 enim,
1172 2845 1252 2921 quod
1282 2902 1284 2908 .

161 3025 163 3029 Ι
251 2941 317 3018 ille,
339 2941 475 3004 testantur
485 2940 636 3018 gravissimi
653 2940 802 3020 scriptores
815 2944 851 3004 de
863 2944 930 3005 Oxo
954 2945 1073 3021 (Oxum
1091 2945 1118 3005 dt
1135 2942 1253 3006 Oaxum

250 3041 300 3102 seu
316 3041 429 3101 Oaxem
444 3039 605 3117 euphoniae
625 3039 707 3102 causa
725 3042 755 3102 in
778 3040 858 3102 versu
879 3041 1040 3119 promiscue
1064 3042 1138 3124 diei,
1171 3055 1254 3120 patet

251 3157 289 3201 ex
312 3139 421 3212 Plinio,
447 3141 553 3200 eitante
571 3140 614 3203 Cl.
639 3138 731 3201 lffelio
753 3143 780 3203 dt
801 3140 942 3218 Dukero)
928 3138 1175 3221 >Rapidiffimum
1195 3138 1254 3202 eise
1312 3176 1318 3180 -

250 3239 330 3301 hunc
347 3238 485 3312 fluuium,
494 3237 580 3301 docet
596 3229 774 3302 ArrianusL.
787 3239 839 3302 Ill.
855 3241 891 3302 de
907 3240 1016 3318 Exped.
1030 3239 1111 3302 Alex
1121 3258 1184 3317 cap.
1199 3257 1248 3315 29.

250 3338 368 3417 quassdO
383 3339 442 3400 alt.
465 3333 609 3417 Μρεῧμα
633 3334 1035 3414 llll231155rlrtusurlt‘laennymmcpe
1087 3363 1174 3392 orta
1214 3357 1229 3388 τ

249 3435 294 3518 ῥιι
275 3439 378 3512 usipus
370 3435 521 3510 latipulis
543 3435 587 3498 τῆς
608 3435 695 3506 sira
690 3433 842 3509 ’χιλιιιιῖι
887 3436 1056 3500 Subulosum
1075 3435 1147 3510 effe,
1169 3432 1248 3497 idem

248 3537 369 3617 scriptor
390 3535 497 3610 tradit,
519 3537 635 3614 quando
650 3536 753 3598 euml
774 3556 799 3598 c.
822 3549 907 3597 vocat
929 3535 1017 3604 ψιιιι
956 3561 1036 3609 ιμιιιι
1018 3531 1096 3595 sinin
1122 3538 1149 3597 ἃ
1159 3531 1249 3610 paulo

187 3695 193 3709 ,
249 3637 367 3698 inferius
389 3635 483 3707 disit,
505 3635 600 3696 nihrl
592 3657 622 3697 tn
637 3635 687 3698 illo
699 3637 818 3698 flumine
838 3635 941 3698 firmari
958 3633 1036 3712 poffe
1051 3648 1167 3714 propter
1181 3631 1250 3694 sun-

250 3735 321 3798 dum
337 3729 514 3808 fabulosum
538 3753 606 3796 curn
625 3736 723 3813 itaque
739 3735 773 3798 stt
792 3733 979 3814 rapidissimus
997 3738 1058 3812 ejus
1074 3733 1188 3808 cursus,
1218 3735 1250 3794 &

249 3833 372 3895 multum
385 3831 473 3894 sabuli
490 3832 587 3895 secum
603 3834 699 3909 vehat,
714 3835 783 3896 inde
796 3833 977 3898 turbulentus
994 3835 1044 3910 fit,
1058 3835 1136 3912 quod
1149 3844 1249 3910 aperte

250 3930 363 3994 Curtius
379 3931 495 3998 restatur
516 3932 550 4004 Lu
575 3932 639 3999 Vll.
666 3953 729 4014 cap·
759 3955 805 4000 ιο.
830 3917 1027 4014 hieloxus)
1057 3935 1123 4015 quia
1153 3932 1249 3992 ὶὶιιιιιιι
