2798 4710
636 253 871 378 eoa

251 498 273 546 ,9
299 457 405 547 roqui
425 449 933 547 quantuscumque'aliquando
955 477 1035 528 reus
1060 457 1243 542 incuriae}

248 621 275 658 ,,-
298 569 394 660 quod
413 568 455 640 ad
475 569 659 659 regionum
679 565 949 662 descriptionem
963 573 1138 654 attinet,a
1154 599 1243 646 non-

247 711 275 764 υ
299 685 438 754 nemine
457 677 526 751 fuit
541 683 677 754 citatus.
714 683 892 758 Praeterea
920 683 1099 757 hominem
1124 710 1243 762 meum

248 811 412 888 „aperte
440 795 520 870 licet
552 796 746 888 intelligere
773 799 968 890 complures
992 810 1110 891 po'e'tas
1141 821 1243 876 vetu-
1333 785 1337 792 ⁵

185 904 189 950 3'
249 965 271 1000 ‚,
298 910 438 990 stiores,
459 913 522 1001 qui
539 908 709 1002 posterius
727 901 982 994 evanuerunt,
1002 909 1066 984 suo
1086 929 1242 1006 tempore

246 1077 268 1114 „
297 1020 493 1096 leditaviffe
516 1021 631 1096 nescio
655 1047 760 1114 quam
788 1023 957 1098 studiose:
993 1051 1146 1126 quorum
1170 1029 1243 1104 ulla

247 1193 269 1226 ,‚
296 1135 321 1208 ti
345 1135 515 1212 exstarent
529 1133 676 1229 scripta,
701 1162 787 1230 quae
814 1164 911 1214 mene
934 1139 981 1212 est
1007 1138 1112 1212 hodie
1138 1137 1242 1232 super

246 1305 269 1339 „
299 1253 418 1324 multis
441 1253 567 1335 rebus,
590 1248 661 1326 fine
680 1252 913 1327 controversia
933 1253 1051 1330 eadem
1075 1277 1148 1329 non
1172 1255 1248 1350 cri-¹

158 1363 159 1368 ’
245 1415 268 1456 „
295 1368 365 1443 tico
389 1363 491 1441 foret.
509 1423 532 1460 „

230 1664 235 1690 l
295 1579 404 1650 Porro
420 1583 465 1666 in
479 1580 625 1670 litteris,
647 1579 775 1671 quibus
801 1575 1006 1672 opusculum
1026 1579 1181 1668 Johanni
1197 1575 1264 1654 de‘

245 1693 350 1780 Witt
370 1693 523 1776 dedicat,
554 1692 638 1770 haec
664 1693 768 1766 habet
787 1691 978 1769 Heffeiius:
1005 1698 1089 1784 „Ut
1105 1720 1149 1766 ne
1165 1697 1258 1766 lon-¹

168 1836 173 1849 ³
245 1859 268 1893 „
296 1810 373 1899 gius
397 1808 649 1894 abeam,nunc
675 1808 855 1882 honori&
876 1812 1010 1884 meritis
1030 1808 1150 1882 dedico
1175 1810 1240 1882 Vi-

244 1977 266 2016 ,‚
295 1925 393 2001 bium
413 1925 628 2018 sequestrem
646 1929 736 1998 tuis:
764 1929 940 1997 auctorem
958 1925 1150 2016 quendam,
1167 1949 1240 1999 non

245 2089 267 2132 a>
294 2039 394 2108 illum
428 2039 571 2129 quidem
599 2041 813 2138 praeclarum
841 2039 1127 2118 &luculentum
1165 2036 1240 2108 ido-

246 2205 269 2240 2,
297 2173 404 2221 neum
421 2147 528 2222 cauffa
549 2153 769 2242 antiquitatis
787 2168 891 2242 atque
914 2151 1038 2225 utilem
1056 2153 1240 2233 tamem&

246 2313 268 2358 ,·‚
296 2267 359 2356 qui
381 2267 420 2335 in
446 2267 580 2358 poetica
598 2263 807 2358 geographia
829 2261 931 2356 poffit
949 2265 1132 2356 praecipue
1159 2288 1242 2335 con·

246 2433 268 2468 „
297 2377 419 2466 fistere.
437 2439 459 2474 „
484 2381 598 2470 Atque
619 2381 667 2478 ita
689 2402 763 2448 rem
781 2375 865 2466 effe,
882 2378 1002 2469 prouti
1026 2372 1141 2453 censet
1163 2377 1240 2460 ille,
1335 2435 1341 2445 ,

245 2493 345 2585 cujus
373 2491 609 2588 heievestigia
636 2516 777 2585 premo,
807 2517 849 2562 ex
881 2492 925 2562 iis
950 2513 1037 2582 quae
1060 2506 1138 2561 tum
1170 2486 1242 2581 ipse

244 2622 321 2677 tum
354 2609 483 2700 reliqui
511 2610 717 2699 interpretes
757 2622 876 2679 notata
906 2602 1080 2676 dederunt
1098 2604 1154 2677 ad
1180 2605 1244 2676 Vi·

243 2720 362 2802 bium,
390 2737 466 2793 turn
494 2721 633 2798 tandem
660 2746 702 2790 ex
724 2717 805 2804 his,
836 2743 925 2811 quae
949 2715 1012 2812 ipfi
1032 2719 1243 2797 adlevimuS,

243 2835 375 2926 patebit
392 2835 458 2914 tibi
484 2831 780 2927 frequentiffime‚
799 2837 906 2905 lector
924 2835 1040 2912 amice,
1093 2830 1241 2911 Verum,

245 2951 284 3018 in
305 2972 377 3018 rem
400 2945 612 3038 praesentem
635 2971 706 3038 quo
735 2949 852 3020 minus
876 2961 910 3024 te
935 2943 1120 3027 deducam,
1156 2942 1244 3042 quid

244 3060 425 3152 impedit?
1266 3066 1269 3072 ’

226 3342 229 3348 ,
293 3274 416 3364 Itaque
447 3291 477 3372 1.
512 3291 718 3366 properante
742 3276 891 3356 nimium
920 3273 1049 3344 calamo
1076 3273 1109 3353 dc
1134 3270 1243 3343 oculis

244 3381 461 3479 fugientibus
482 3381 543 3457 sua
576 3402 623 3458 ‘ex
652 3366 764 3481 poetis
790 3383 1003 3480 decerpfiffe,
1024 3388 1116 3472 ,loca
1153 3410 1246 3456 com-

167 3487 170 3496 ’
243 3502 343 3591 plura
374 3516 407 3580 te
425 3499 624 3585 docebunt,
643 3527 685 3582 ex
703 3500 859 3583 Ouidio,
889 3503 1018 3584 Statio,
1055 3502 1152 3582 aliis,
1184 3495 1244 3570 sed

245 3611 456 3706 potissimum
476 3639 519 3688 ex
538 3617 681 3690 Lucano
707 3619 740 3690 &
769 3616 947 3709 Virgilio,
999 3635 1177 3706 perperam
1202 3610 1245 3680 ab

242 3723 316 3817 ipso
337 3730 541 3812 intelledtis,
559 3732 677 3824 petita.
714 3729 799 3813 Ista,
824 3726 849 3802 s1
872 3725 965 3816 noffe
982 3725 1168 3814 defideres,
1187 3750 1249 3800 au-

248 3842 383 3916 ctorum
401 3840 614 3915 clafficorum
641 3842 820 3918 indiculus
842 3838 1089 3936 suppeditabit.
1118 3835 1248 3912 Itasal-
