2800 4716
485 347 559 406 in
620 345 829 414 erudas
1067 359 1144 436 411

152 505 199 570 vel
227 525 295 564 moer
311 501 397 578 didi,
418 501 496 581 quod
518 523 588 566 mere
606 503 752 582 designat,
779 525 795 567 a
814 504 865 567 srtu
881 507 917 570 ad
933 526 1011 571 mare
1026 509 1063 576 fic
1075 511 1146 578 saiu-

152 606 203 672 tati
227 603 302 670 sunt.
325 602 401 678 rQua
418 614 497 678 parte
514 599 620 668 fuerint
641 602 748 688 Galliae
769 603 918 682 Belgicae,
940 607 1026 670 docet
1048 610 1148 677 Strabo

149 703 185 767 L.
201 701 250 764 IV.
274 721 302 779 p.
334 719 401 777 194.
435 699 486 760 ubi
515 700 583 764 hinc
611 699 647 762 ad
673 719 751 766 mare
777 699 843 764 siros
878 703 984 774 refert,
1011 705 1090 770 illine
1111 711 1149 776 ad

151 801 335 868 Arduennam
362 797 459 862 silvam
482 799 654 876 pertingere.
690 799 733 860 De
752 797 830 868 Iccio
850 801 1033 868 Morinorum
1059 823 1147 885 portu

150 914 219 963 nota
241 897 281 967 est
297 895 495 962 controversia
533 897 650 974 Oppida
670 916 729 958 non
744 897 871 962 habuisse
892 910 1008 979 'gentem
1020 904 1145 972 Caesaris

151 1008 300 1076 tempore?
319 995 368 1077 sed
390 997 424 1058 in
444 997 562 1074 tuguriis
587 994 742 1065 habitaffe,
761 1015 797 1061 ex
812 997 907 1062 Dione
930 998 1020 1062 eaffio
1040 1005 1150 1074 constat

151 1095 183 1162 L.
194 1093 342 1167 XXXIX.
359 1113 385 1156 c.
400 1113 450 1169 44.
471 1095 567 1174 postea
587 1094 713 1157 struxiffe
732 1095 834 1174 urbes,
857 1083 1036 1162 Ptolemaeus
1058 1081 1151 1166 osten·

153 1192 196 1257 dit
210 1196 237 1254 dr
249 1193 397 1263 itineraria.
414 1191 454 1260 cf.
469 1193 604 1264 cellarius
621 1195 658 1256 N.
672 1193 709 1261 Ο,
727 1196 760 1261 A.
780 1195 811 1259 L.
829 1195 866 1263 11.
881 1216 908 1266 e.
925 1217 952 1278 3.
963 1197 1028 1265 seer.
1042 1220 1087 1278 ις.
1107 1205 1155 1274 0,,

542 1357 743 1452 Numidae

199 1552 334 1623 Lucanus
362 1553 394 1616 L.
412 1552 462 1618 IV.
483 1573 510 1618 v,
537 1559 608 1630 676.

367 1683 381 1707 ι·
461 1651 555 1733 populi
580 1669 621 1711 tor
644 1653 731 1734 castra
748 1647 914 1735 sequuntur,

275 1750 436 1827 Autololes,
455 1751 641 1832 Numidaeque
667 1753 751 1844 vagi,
767 1747 920 1838 semperque
932 1773 1050 1836 paratur

168 1871 172 1876 ·
275 1847 381 1918 Inculto
409 1849 542 1912 Garrulus
571 1869 635 1930 equo
732 1889 745 1903 ·
825 1891 838 1906 ·
1006 1869 1144 1928 massar..

170 1970 334 2052 'indigena
356 1973 389 2036 irt
414 1964 607 2060 Numidarum
625 1971 802 2051 adpellati'o,
826 1993 864 2040 an
890 1995 908 2042 a
929 1975 1038 2049 Graeco
1060 1977 1151 2055 Νιμέ,

134 2071 199 2130 'iau
212 2073 391 2147 derivanda,
421 2071 573 2151 disputant.
606 2069 710 2138 Plinius
733 2073 765 2137 L.
783 2073 818 2135 V.
848 2093 873 2137 c.
896 2093 921 2154 3.
954 2075 1148 2156 vulgarem&

152 2171 229 2246 apud
254 2185 362 2232 veteres
389 2189 536 2249 receptam
566 2171 733 2253 opinionem
756 2170 899 2250 sequitur:
931 2177 977 2238 Ab
1007 2174 1149 2270 Ampsaga

151 2268 284 2335 Numidia
303 2270 354 2350 est,
380 2263 629 2350 Masturffieffclara
650 2271 769 2346 nomine,
801 2273 981 2359 Metagoairis
1017 2293 1088 2338 terra
1127 2299 1148 2346 4

94 2391 99 2418 i
154 2367 266 2434 Graecis
297 2366 456 2448 adpellata:
488 2367 625 2431 Numidae
657 2390 719 2438 vero
743 2369 924 2438 Nomadese
956 2375 1143 2454 pemuruudie

145 2465 275 2548 pabulis,
302 2465 423 2546 mapalia
443 2460 526 2550 suae·
543 2465 648 2545 horest
671 2469 784 2543 domus,
810 2465 940 2549 plaustris
963 2467 1146 2554 circumferem-

150 2581 200 2625 tes.
223 2565 318 2642 Negat
333 2563 403 2624 haec
422 2562 455 2624 1s.
479 2561 590 2626 Voffius
609 2566 644 2626 ad
663 2564 782 2628 Melam.
799 2565 830 2628 L.
846 2567 868 2631 1.
886 2586 911 2629 c.
931 2571 991 2634 ⁶&
1013 2589 1042 2650 7.
1054 2565 1148 2640 osten-

152 2663 251 2750 ditque
271 2663 462 2748 Nietagonirirr¹
485 2681 633 2746 nunquam
651 2663 755 2729 didam
766 2662 821 2732 effe
836 2638 1021 2743 Numidiam,
1040 2668 1147 2737 deinde

151 2757 276 2833 Noudion
298 2759 411 2832 ,ianuarii
434 2781 541 2830 nomen
563 2763 639 2846 apud
675 2777 784 2824 veteres
813 2762 905 2840 muita
937 2762 1018 2830 latius
1050 2783 1147 2844 parere

152 2881 237 2939 quam
257 2861 457 2932 Numidarum.
489 2862 622 2924 Tandem
645 2861 802 2938 jocularem
831 2861 887 2922 effe
911 2879 1036 2926 errorem
1061 2865 1148 2936 inter.

151 2965 239 3040 pretia
263 2960 425 3037 Strabonis,
448 2962 497 3048 qui
512 2961 636 3040 ubique,
656 2963 743 3028 eriam
756 2961 787 3022 in
800 2961 936 3040 Scythia,
959 2961 1009 3024 ubi
1038 2959 1149 3036 ‚oudam

152 3057 192 3126 ,e'st
210 3063 342 3140 mentio,
363 3061 505 3132 Numidae
525 3061 672 3132 substituit.
712 3059 847 3130 cellarius
880 3060 913 3124 L.
932 3059 981 3128 lv.
1018 3079 1084 3140 cap.
1116 3081 1145 3136 ς,
1219 3089 1222 3102 ·

151 3161 285 3223 barbarae
304 3162 412 3249 regioni
431 3160 581 3225 barbarum
601 3178 708 3230 nomen
727 3157 834 3236 irride,
863 3177 924 3220 non
952 3157 1083 3240 dubitat,
1100 3157 1149 3234 cui

153 3260 254 3326 Graeci
276 3257 382 3330 scilicet
407 3261 479 3327 istud
491 3259 591 3329 'similis
616 3259 676 3320 fere
698 3257 759 3320 soni
777 3277 885 3330 nomen
901 3257 1067 3328 Nomadum
1081 3256 1147 3318 sub-

151 3358 301 3424 stituerint.
325 3360 419 3448 Quam
441 3357 550 3422 diversa
571 3359 604 3428 fir
624 3357 800 3428 diversorum
817 3361 966 3428 auctorum
989 3351 1146 3445 Numidia,

151 3459 229 3540 apud
255 3460 380 3520 eundem
405 3458 472 3521 scite
501 3457 668 3536 explioirum
691 3456 788 3528 habes.
815 3448 888 3518 'Cur
915 3450 1031 3514 Mauris
1056 3467 1148 3525 -voeee
1187 3442 1190 3453 ’

152 3557 293 3622 Numidas
314 3559 407 3619 noster
425 3604 434 3634 ,
458 3557 554 3638 paullo
574 3575 642 3628 ante
662 3559 795 3630 diximus,
819 3555 892 3618 Vere
905 3553 1065 3616 scilicetwex
1079 3551 1150 3614 Ter.

85 3726 89 3738 ,
152 3656 262 3723 tulliani
282 3653 466 3730 testimonio,
483 3672 583 3744 eontra
600 3658 724 3732 Judaeos
743 3655 770 3720 e.
797 3671 825 3738 7,
863 3653 944 3728 fuere
974 3647 1148 3718 Gaetulorum

152 3757 348 3830 uarierarer‘dr
370 3755 530 3824 amarorum
555 3745 634 3828 multi
644 3756 726 3844 furer.
766 3755 805 3822 O.

398 3927 403 3961 r
425 3945 428 3954 r

580 3951 718 4046 dmm*
