2780 4712
259 318 323 404 86·
473 333 657 395 mom-tu
713 334 1023 399 vationum

690 523 824 608 Baetis

275 731 279 739 ’
302 716 348 782 De
370 707 607 794 nominis'hujut
624 707 827 797 orthographia
848 739 877 784 v.
895 717 1038 784 cellarius
1054 719 1089 784 G.
1104 722 1138 788 A.
1163 721 1197 787 L.
1214 721 1254 789 lI.

261 835 288 883 o.
306 835 332 876 1.
360 830 495 878 messui.
580 813 695 880 Scilicet
708 816 822 891 Baetin,
845 817 951 878 Baetim
967 821 996 880 dt
1015 820 1124 879 Baetem
1143 820 1199 882 dici
1216 829 1258 883 ex'·
1357 889 1360 901 ,

260 915 444 978 nominativis
463 915 557 976 Baetis
575 917 604 979 δι
624 918 723 978 Baetes
743 916 853 991 dooet;
890 935 953 977 raro
977 917 1062 978 etiam
1091 916 1194 995 absque
1212 918 1256 980 di·

261 1013 413 1094 phthongo
428 1013 509 1076 scribi
530 1015 655 1094 priorem
674 1012 810 1093 syllabam
825 1016 853 1076 dt
868 1015 981 1093 corripi.
1025 1014 1255 1094 Antiquiffimum

262 1132 370 1175 nomen
401 1113 526 1176 fluminis
560 1113 616 1176 fuit
640 1107 775 1189 Tarrqffirs
795 1112 843 1175 vel
865 1113 1012 1194 rancun,
1046 1125 1256 1178 commutatum

262 1213 397 1291 deinceps
413 1229 480 1276 cum
498 1214 616 1274 nomine
634 1213 739 1274 Baetis.
753 1229 780 1274 v.
796 1210 944 1275 Pausanlas
958 1211 1043 1274 Eliae.
1070 1211 1140 1290 poll.
1160 1233 1185 1277 c.
1205 1233 1254 1289 ¹9·

186 1337 187 1340 ¹
262 1312 363 1394 Strabo
383 1311 414 1375 L.
429 1311 480 1376 III.
506 1331 534 1391 p.
557 1323 623 1387 148.
646 1310 853 1374 &Eustathius
874 1311 911 1373 ad
930 1311 1099 1390 Dionysium
1116 1297 1253 1390 Perieget.

260 1429 290 1475 v.
316 1429 383 1486 337.
415 1411 459 1472 Ab
487 1410 627 1490 indigenis
649 1408 799 1472 salutatum
828 1409 944 1487 Certim,
959 1413 1057 1473 audior
1084 1411 1124 1472 est
1155 1411 1254 1474 Livius

260 1506 293 1570 L.
308 1507 448 1571 xxviii.
463 1528 489 1570 c.
520 1527 569 1573 22.
594 1508 646 1570 nist
670 1508 771 1569 Circen
794 1507 951 1588 legendum
973 1531 1039 1572 cum
1066 1510 1182 1589 Sigonio
1202 1521 1255 1574 aut

262 1603 383 1665 Citium·
394 1625 460 1669 eum
472 1605 543 1669 aliis.
588 1608 635 1670 Sic
653 1609 730 1670 enlm
742 1606 902 1688 discrepant
917 1607 980 1670 libri
994 1609 1100 1688 scripti.
1132 1607 1253 1686 Stepha.

259 1723 314 1766 nus
333 1703 422 1780 lilium
444 1705 554 1768 salutati
570 1705 718 1784 perhibet,
736 1705 785 1768 ubi
806 1707 936 1785 Sigonius
957 1706 1046 1784 Kirna
1073 1709 1174 1785 reponi
1189 1706 1253 1770 sua-

260 1803 328 1880 det,
348 1817 380 1868 ut
393 1825 502 1868 novum
518 1807 648 1884 opinioni
666 1805 731 1868 suae
746 1805 916 1884 praesidium
935 1816 1024 1884 patet.
1066 1804 1258 1868 Praeferenda.

260 1901 332 1965 haec
351 1903 456 1984 abique
471 1904 559 1968 dubio
580 1904 716 1984 reliquis,
748 1905 909 1980 fiverum,
934 1903 1012 1983 quod
1036 1903 1145 1966 illarius
1165 1905 1261 1984 Niger

259 2002 367 2077 tradit,
394 2003 527 2066 tifrorum
546 2003 642 2084 lingua
668 2004 758 2066 circio
785 2004 862 2080 dici;
902 2022 975 2082 quae
1002 2015 1163 2064 testamen
1189 2005 1254 2078 jure

259 2099 291 2158 in
312 2098 431 2162 dubium
451 2121 487 2161 eo
506 2103 586 2164 venit
605 2102 736 2176 Ortelio,
756 2103 835 2182 quod
849 2101 987 2164 hrabibus
1010 2100 1130 2165 debetur
1143 2120 1254 2164 nomen

259 2193 432 2262 hodiernum
449 2199 686 2288 Quedelquivirl.
704 2201 777 2264 Vaut·
795 2199 827 2260 al
837 2201 932 2278 Kibir²
954 2200 1081 2264 fluminis
1098 2203 1202 2280 magni.
1213 2201 1263 2267 0.

668 2379 851 2495 Bagrada

273 2624 277 2636 ,
299 2572 416 2653 Duplex
437 2575 576 2655 Bagradas
590 2578 667 2656 apud
681 2591 792 2640 veteres
815 2579 957 2656 occurrit,
980 2579 1052 2642 alter
1068 2582 1177 2645 inlita
1192 2584 1258 2646 Per·
1327 2595 1328 2603 ’

258 2671 348 2735 sidem
360 2676 434 2736 inter
445 2678 472 2738 de
484 2675 684 2750 Carmaniam,
706 2691 881 2741 memoratus
898 2677 1062 2742 Ptolemaeo
1078 2679 1110 2744 L.
1125 2680 1173 2742 Vl.
1189 2700 1255 2754 c.4.

249 2772 329 2836 ,altor
348 2775 379 2836 in
394 2775 511 2851 lirim,
533 2751 877 2855 'medialeeugitanam
905 2778 1071 2856 perlabens,
1103 2781 1131 2838 ἃ
1155 2796 1176 2836 a
1192 2795 1251 2852 quo

258 2872 347 2936 musti
366 2869 506 2952 oppidum
519 2871 533 2949 ζ
551 2875 628 2938 haud
651 2874 752 2954 procul
773 2875 900 2938 distabat.
959 2875 993 2937 Id
1020 2894 1086 2936 cum
1109 2872 1254 2936 hodierno

258 2971 346 3050 Scedy
360 2963 458 3032 Atrei
467 2973 564 3032 Abdus
576 2976 732 3036 convenire
757 2987 839 3053 putat
851 2973 937 3036 shaw
951 2975 982 3034 in
1000 2972 1141 3034 itinerario
1152 2991 1182 3050 p.
1199 2993 1251 3050 95.

258 3066 308 3130 ubi
328 3068 410 3132 simul
426 3071 512 3133 docet
530 3072 669 3152 insignem
685 3073 829 3152 hodieque
857 3069 1058 3150 triumphalem
1082 3089 1180 3132 arcum
1209 3070 1255 3134 su·

257 3165 376 3246 perelle.
419 3163 554 3246 wilm
569 3171 608 3232 est
625 3171 756 3234 Straboni
774 3172 805 3234 L.
824 3169 918 3234 XVII.
943 3189 972 3248 p.
999 3181 1067 3249 832.
1100 3189 1195 3232 errore
1221 3170 1258 3232 li.

258 3260 361 3340 brasii.
387 3267 517 3346 Appiano
532 3267 569 3331 tle
584 3269 653 3337 bell.
670 3272 726 3334 civ.
745 3271 775 3333 L.
789 3265 825 3333 Il.
851 3290 880 3349 p·
896 3290 966 3345 455·
983 3261 1137 3345 Bituniae,
1162 3269 1262 3332 troie·-

260 3381 344 3425 maeo
358 3361 493 3440 amellae
509 3367 541 3430 L.
559 3367 654 3432 litt.
674 3391 699 3448 3.
731 3369 835 3432 Similis
864 3367 1007 3430 diversitas
1028 3368 1106 3446 apud
1128 3369 1254 3438 Latinos.

245 3461 379 3542 *Polybio
400 3464 503 3528 Histoi.
523 3467 555 3529 L.
577 3463 601 3535 l.
619 3487 644 3530 c.
660 3485 712 3546 75.
730 3469 834 3531 dloitut
854 3464 948 3542 Maleto
977 3469 1005 3530 u
1027 3466 1058 3528 L.
1080 3467 1148 3534 XV.
1171 3487 1196 3529 c.
1220 3485 1253 3531 2.

259 3558 364 3641 Mriepe.
408 3564 505 3628 Hodie
516 3567 672 3650 Megarada
686 3565 734 3628 vel
754 3565 913 3650 Magerada
928 3564 1064 3628 salutatur
1073 3608 1091 3640 ‚-
1105 3565 1182 3642 quud
1201 3585 1256 3628 no-

259 3679 329 3724 men
346 3661 489 3741 utriusque
509 3666 612 3727 veteris
628 3665 741 3744 vestigia
759 3657 859 3729 seruet
905 3663 959 3728 Alii
983 3678 1079 3726 tamen
1092 3664 1257 3747 Magiordelt

258 3756 386 3840 itemque
405 3760 542 3844 Magrida
562 3761 696 3826 scribunt
758 3765 793 3828 In
821 3763 924 3828 tabulis
950 3761 1099 3826 D'tlnvillii
1126 3763 1256 3840 &apud

259 3854 345 3918 Shaw
365 3859 405 3920 est
422 3858 556 3943 Mejerda.
609 3861 674 3937 Jam
699 3864 792 3944 castris
818 3865 895 3946 apud
920 3883 979 3922 eum
1001 3860 1118 3938 fluuium
1142 3861 1255 3941 postris,

260 3952 431 4022 verbasunt
446 3959 530 4024 Gellii
544 3961 630 4025 Nott.
656 3963 713 4024 titt.
738 3961 772 4031 L.
791 3961 841 4029 Vl.
871 3983 897 4025 c.
918 3980 943 4038 3.
974 3960 1008 4021 L.
1031 3957 1132 4018 Aelius
1157 3959 1257 4020 Tubero
