2780 4712
166 395 170 406 ¹
253 309 308 388 68
475 317 657 382 uorat
715 299 1032 378 viatorium
1097 401 1100 410 Ι

257 481 340 547 ldcm
353 477 448 542 forsan
465 477 504 540 est
523 495 589 540 com
602 467 729 534 Narbone
750 463 857 550 fluvio,
879 477 961 552 cujus
988 479 1148 542 meminisse
1172 477 1273 560 Polys.

255 582 338 646 bium
358 583 456 643 aarum
477 575 515 636 esi
527 573 690 636 Athenaeus
708 571 740 634 L.
760 571 838 636 lllll.
855 572 971 636 Fallitur
982 586 1080 638 autem
1101 567 1251 654 Ottelius',

256 701 346 761 quum
365 675 482 754 &apud
504 672 630 736 eundem
646 659 796 749 Polybium
810 670 913 748 ‘hilion
937 673 970 736 L.
986 673 1038 736 lll.
1057 694 1083 738 s.
1101 694 1149 753 37.
1179 675 1255 736 Nar·

256 781 346 838 ionem
360 775 479 837 fluvium
502 770 620 848 quaerit.
680 769 755 832 Urbs
781 769 821 830 ibi
845 773 907 832 rion
936 771 1046 836 flumen
1073 773 1250 852 intelligitur.

256 876 344 938 Aeaci
358 871 446 933 fluvio
462 869 579 928 Atacem
599 887 715 946 quoque
734 867 836 935 urbem
858 870 999 946 adiestam
1018 872 1064 938 llL
1098 872 1253 944 Terentius

254 973 342 1034 Varro
361 969 496 1031 Atacinus
511 967 682 1030 nobilitavit.
728 966 829 1030 Fluvio
845 968 933 1030 hodie
948 989 1057 1032 nomen
1070 973 1159 1032 Aude.
1179 971 1252 1050 Tyra
1383 1041 1384 1046 .

253 1071 376 1134 rhenum
402 1087 479 1133 mare
498 1067 620 1130 nimium
631 1065 698 1142 ,lato
712 1065 796 1128 sensu
811 1065 860 1129 sed
882 1065 934 1130 suo
954 1087 1036 1132 more
1052 1068 1123 1131 dicit
1138 1067 1251 1139 vibius.
1382 1068 1383 1095 ¹

254 1183 282 1230 v.
307 1165 381 1230 insta
406 1165 575 1230 Rhodanus.
602 1165 642 1232 Ο.

693 1325 799 1443 Atye

295 1549 323 1600 v.
339 1525 471 1597 Tibullus
482 1529 513 1594 L.
530 1525 554 1592 l.
572 1526 644 1607 eleg.
657 1523 735 1591 Vlll.
757 1547 784 1590 v.
796 1550 824 1604 4.
838 1517 1012 1592 LucanusL.
1029 1526 1053 1592 1.
1072 1535 1099 1591 ir.
1110 1545 1180 1603 419.
1191 1527 1250 1593 Au.

251 1631 347 1696 sonius
376 1651 434 1710 par.
462 1649 548 1691 carm.
572 1626 623 1690 lV.
654 1647 683 1692 v.
708 1645 755 1689 11.
779 1629 806 1688 dc
830 1624 942 1688 mosell.
968 1631 1078 1700 v.466.
1105 1640 1244 1690 nosses.

250 1729 350 1808 stipo
369 1730 546 1794 Ptolemaeus
564 1739 649 1790 vocat
671 1725 702 1788 L.
715 1723 754 1791 11.
778 1745 803 1786 c.
821 1721 849 1804 72
863 1723 981 1782 Arurmn
996 1723 1135 1801 produsie
1150 1724 1246 1786 media

251 1829 299 1895 tel
314 1827 457 1910 dupncata
476 1828 578 1891 canina
596 1825 689 1888 littera
703 1827 840 1886 Acerram,
852 1824 923 1886 disit
940 1821 1098 1900 Ausonius,
1112 1821 1170 1886 ubi.
1185 1803 1253 1890 stcz‘
1328 1837 1329 1844 ’

373 1948 548 2033 Insantunque
576 1969 653 2011 ruens
667 1971 718 2031 per
732 1944 808 2024 saxa
831 1949 950 2010 rotantia
970 1947 1027 2008 late

374 2050 407 2110 In
428 2071 500 2109 mare
511 2068 692 2130 purpureum,
713 2048 833 2106 dommac
855 2065 944 2106 tamen
960 2064 1021 2105 ante
1048 2041 1183 2122 Mosellae

299 2171 302 2180 ⁴
371 2145 489 2239 silumbte
509 2145 623 2202 adorato
632 2185 644 2214 ,
666 2143 830 2203 Tarbellicus
847 2149 906 2204 exit
928 2145 1057 2206 Aturrus.

248 2269 308 2349 Qui
330 2253 411 2331 loeus
426 2279 494 2346 ergo
517 2265 599 2328 simul
618 2263 730 2327 cursum
757 2267 818 2340 ejus
844 2265 924 2327 fluvii
954 2265 1100 2344 designat,
1134 2259 1183 2346 qui
1206 2289 1243 2333 ex

247 2367 394 2432 montibus
405 2365 553 2444 Pyrenaeis
566 2363 657 2426 fluens
674 2364 705 2424 in
716 2361 858 2426 Tarbellis
874 2363 957 2442 supra
972 2384 1057 2443 aquas
1066 2366 1242 2434 Tarbellicus

138 2494 141 2500 ·
246 2485 357 2530 oceano
374 2461 535 2528 Tarbellico
548 2464 699 2542 excipitur.
743 2463 778 2526 ln
787 2463 988 2542 Bigerronibus
1009 2469 1071 2542 ejus
1088 2485 1178 2545 paene
1196 2489 1242 2530 ca.

245 2580 300 2648 put
320 2565 377 2630 sese
399 2557 496 2628 vidisse
516 2563 638 2644 Scaliger
661 2561 757 2626 scribit
781 2563 818 2624 ad
842 2564 890 2626 cit.
914 2563 1023 2627 Tibulli
1050 2566 1182 2642 versum,
1210 2569 1242 2629 in

246 2683 305 2745 quo
323 2666 400 2726 Acar
414 2665 538 2740 dicitur,
561 2665 610 2727 ubi
632 2657 748 2727 codices
770 2679 868 2725 tamen
890 2665 917 2724 a
943 2663 1068 2742 impressi
1091 2684 1239 2742 perperam

245 2765 354 2829 habent
369 2763 460 2827 Atax.
484 2763 588 2827 Forsan
606 2747 633 2827 sie
652 2765 789 2827 innostro
804 2763 957 2842 legendum
969 2766 1065 2836 Arar,
1085 2759 1235 2836 nonAryr.

246 2863 380 2930 Tandem
400 2869 518 2928 Acutum
546 2853 676 2944 correpta
702 2865 796 2926 media
815 2877 900 2925 vocat
920 2861 1050 2920 Lucanus
1073 2857 1237 2934 exitumque

246 2964 308 3036 ejus
333 2965 364 3023 in
379 2981 457 3022 mare
475 2965 593 3039 pingit:

536 3058 564 3114 d·
595 3057 670 3137 ripas
687 3057 797 3123 Aturi,
820 3074 874 3135 qua
888 3051 966 3112 litore
991 3069 1073 3114 curro

324 3150 450 3212 Molliter
466 3146 604 3227 adurffem
628 3152 733 3211 claudit
757 3151 922 3214 Tarbellicus
938 3171 1044 3232 aequor.

241 3275 338 3366 slodie
357 3276 436 3336 Adur
457 3295 486 3340 v.
502 3275 605 3337 'Adour
623 3275 745 3340 salutant
767 3276 893 3340 accolae.
935 3277 1043 3336 Aturas
1065 3276 1237 3354 quoqucuel

241 3374 357 3438 Acerras
372 3373 454 3436 fuisse
471 3374 501 3435 in
519 3393 554 3435 eo
570 3379 662 3438 trasiu
679 3377 779 3438 urbem
798 3373 961 3456 &populos
973 3393 1010 3436 ex
1023 3375 1142 3438 Sidonio
1150 3375 1238 3454 Apol.

243 3473 294 3537 lin.
314 3474 347 3537 L.
366 3471 404 3536 ll.
423 3493 468 3553 ep.
493 3495 518 3536 1.
538 3489 635 3552 patet3
658 3476 689 3537 id
704 3477 804 3555 oppidi
821 3473 977 3538 nuncAire
995 3493 1123 3539 vocatur.
1166 3473 1238 3534 Tar·

244 3557 348 3636 bellam
372 3572 448 3634 Vibii
471 3573 648 3637 Ptolemaeus
666 3569 742 3640 illusa
762 3570 892 3642 svessa,
908 3572 1046 3636 Antonini
1059 3572 1236 3654 itinerarium

244 3673 344 3752 Aquas
368 3671 551 3749 Tarbellicas,
573 3674 674 3736 notitia
690 3669 798 3735 Galliae
816 3673 976 3754 Aquenfiam
995 3671 1131 3731 civitatem
1143 3670 1236 3741 dicit,-

243 3770 340 3831 tabula
359 3770 559 3834 Theodosiana
576 3772 663 3836 habet
680 3771 728 3834 lrio
736 3773 843 3853 Aquis,
866 3771 992 3851 apposita
1009 3771 1186 3832 balineorum
1203 3769 1236 3830 ii·
1309 3835 1311 3844 ¹

136 3919 139 3924 ,
242 3879 329 3948 gnra,
353 3871 492 3934 Ausonius
510 3893 624 3952 quoque
633 3875 729 3954 Aquas
746 3870 884 3934 Tarbellae
904 3871 1021 3942 salutat,
1040 3871 1139 3931 audior
1159 3868 1235 3930 vitre

243 3967 383 4045 ludovici
401 3971 441 4034 Pii
463 3971 558 4039 uillam
576 3973 676 4056 aquis,
700 3971 778 4035 unde
792 3987 872 4036 nunc
888 3969 975 4046 Gallis
994 3972 1053 4052 Aqs
1077 3966 1124 4030 vel
1150 3967 1232 4068 Aes,
